1987 2594
964 147 998 187 ⁰2

134 270 313 306 paremuS,
342 266 445 302 quam
470 251 667 299 Daphnidis
689 249 805 285 fabula
832 248 924 296 apud
958 249 1110 295 patrium
1133 252 1272 295 pactam
1299 248 1480 295 accepisse
1506 246 1675 283 videatur.
1728 248 1832 285 Licet

135 324 225 359 enim
250 318 493 355 Stesichoreae
517 316 635 364 poesis
658 314 825 349 memoria
852 314 900 348 ita
927 312 1117 357 evanuerit,
1143 318 1182 347 ut
1208 325 1252 347 ne
1273 311 1358 346 illud
1380 311 1521 359 quidem
1539 317 1688 358 constet,
1712 319 1830 349 utrum

135 384 322 434 singularis
356 381 518 417 carminis
553 385 797 428 argumentum
827 391 872 413 an
905 377 1050 426 majoris
1081 389 1162 425 pars
1196 376 1312 425 aliqua
1345 376 1509 424 Daphnis
1543 376 1668 423 fuerit,
1701 377 1830 413 nedum

133 455 253 499 po'ctae
279 446 385 483 verba
407 446 522 493 aliqua
549 444 593 479 ad
620 457 684 478 nos
711 443 952 491 pervenerint,
985 440 1158 477 Aelianus
1193 447 1327 486 tamen,
1363 440 1464 489 cujus
1491 442 1694 478 testimonio
1722 442 1833 479 Stesi-

137 516 280 550 chorum
317 512 409 546 hanc
449 509 601 544 fabulam
633 509 783 556 primum
812 512 983 543 tractasse
1020 507 1180 541 novimus
1194 504 1245 555 5),
1286 519 1375 554 quae
1411 505 1534 541 eodem
1568 507 1647 543 loco
1686 507 1729 543 de
1754 509 1832 556 ipso

136 576 323 625 Daphnide
349 580 484 620 narrat,
510 573 751 609 Stesichorum
777 578 956 607 auctorem
979 570 1108 606 habere
1135 577 1205 606 tam
1227 570 1382 618 proclive
1409 577 1475 616 est,
1500 578 1539 606 ut
1563 571 1630 607 hoc
1657 572 1770 608 solum
1794 574 1831 608 in

138 642 424 689 disceptationem
451 640 568 674 venire
594 639 724 686 possit,
765 649 950 672 manumne
975 640 1098 684 poetae
1122 633 1295 671 Aelianus
1322 649 1366 670 an
1391 635 1495 670 alium
1522 637 1744 684 scriptorem,
1769 639 1830 687 qui

137 721 178 742 ex
203 706 263 741 illo
290 705 486 748 hausisset,
511 710 591 738 antc
617 702 738 738 oculos
769 701 948 749 habuerit3
976 713 1045 749 qua
1072 701 1108 735 in
1136 701 1341 749 quaestione
1367 714 1474 749 quum
1499 713 1571 735 non
1597 701 1716 737 infima
1743 702 1831 737 Par-

136 771 245 807 thenii
269 770 458 804 auctoritas
487 769 551 813 sit,
579 768 638 815 qui
664 766 881 802 consimilem
906 766 1143 801 narrationem
1171 779 1214 800 ex
1233 765 1381 800 Timaeo
1406 764 1528 800 Siculo
1552 766 1653 801 affert
1664 765 1710 815 4),
1735 767 1829 802 hunc

135 835 320 870 Theocriti
346 834 419 869 fere
447 832 627 881 aequalem
654 845 732 867 eum
759 830 879 866 haberi
905 831 1110 875 conveniet,
1143 829 1244 878 cujus
1281 843 1387 878 opera
1416 829 1534 865 fabula
1564 843 1583 865 a
1620 831 1829 867 Stesichoro

134 900 244 935 literis
266 898 427 933 mandata
451 899 487 932 in
512 898 759 932 historicorum
794 909 935 945 quoque
972 902 1010 930 ut
1036 895 1187 931 Diodori
1203 894 1233 940 5)
1267 908 1419 943 moxque
1452 896 1489 930 in
1525 897 1833 944 grammaticorum

136 977 258 999 manus
276 963 459 998 transierit.
497 962 609 1010 Atqui
628 962 692 997 hos
712 962 742 996 si
760 960 919 996 audimus
934 960 979 1009 5),
995 960 1159 1008 Daphnis
1176 959 1347 996 Mercurii
1367 960 1460 995 filius
1477 959 1650 996 bubulcus
1667 961 1704 995 in
1719 962 1830 1009 prima

137 1028 370 1064 adolescentia
398 1027 580 1075 Nymphae
607 1039 761 1061 amorem
787 1026 933 1073 meruit,
964 1038 1053 1074 quae
1084 1039 1192 1074 quum
1217 1025 1269 1060 illi
1295 1025 1554 1070 interdixisset,
1587 1039 1630 1061 ne
1659 1038 1738 1060 cum
1765 1026 1831 1061 alia

136 1093 278 1128 muliere
305 1106 377 1127 rem
403 1091 566 1136 haberet,
602 1091 659 1126 ille
688 1090 747 1125 diu
773 1097 910 1126 servata
945 1089 1014 1125 fide
1039 1103 1058 1125 a
1084 1091 1178 1139 regis
1203 1089 1387 1138 cujusdam
1413 1090 1486 1125 filia
1512 1089 1629 1126 ebrius
1656 1090 1771 1126 factus
1798 1098 1833 1127 ct

136 1157 180 1192 ad
206 1158 317 1205 ipsius
346 1155 631 1191 consuetudinem
654 1155 823 1203 pellectus
852 1162 924 1203 est3
952 1168 1021 1204 quo
1047 1155 1143 1190 facto
1169 1154 1211 1190 ab
1237 1156 1324 1190 irata
1344 1154 1510 1203 Nympha
1532 1154 1642 1190 oculis
1663 1157 1831 1203 privatus,

134 1223 165 1257 si
195 1222 377 1256 Theocriti
409 1222 632 1268 interpretem
665 1222 844 1267 sequimur
857 1221 906 1267 1⁷),
940 1221 977 1255 in
1005 1221 1173 1256 caecitate
1207 1219 1249 1256 de
1284 1233 1369 1255 saxo
1403 1220 1530 1256 cecidit
1558 1233 1707 1269 eumque
1741 1222 1832 1257 vitae

136 1286 241 1321 finem
267 1285 407 1332 habuit,
445 1299 533 1333 quac
570 1286 684 1320 omnia
722 1292 938 1333 quantopere
974 1298 993 1320 a
1021 1285 1229 1320 Theocritci
1260 1286 1457 1333 argumenti
1484 1285 1596 1320 forma
1619 1285 1832 1334 discrepent,

136 1350 239 1385 facile
265 1356 410 1397 apparet
418 1365 429 1397 5
455 1349 551 1398 quod
568 1351 597 1384 si
620 1349 846 1384 nihilominus
874 1350 1021 1385 eundem
1049 1350 1223 1385 hominem
1241 1349 1424 1398 utrobique
1446 1351 1599 1398 spectari
1615 1356 1748 1386 certum
1767 1357 1832 1397 est,

135 1416 338 1463 priusquam
365 1414 599 1450 diversissima
626 1416 716 1450 inter
750 1427 787 1450 sc
824 1414 1009 1450 conciliare
1044 1421 1078 1450 et
1113 1414 1157 1449 ad
1189 1415 1383 1450 communis
1419 1415 1610 1450 sententiae
1644 1415 1832 1451 artificium

134 1492 299 1515 revocare
323 1479 590 1528 aggrediamur,
616 1486 695 1515 ante
724 1481 839 1515 omnia
866 1480 933 1516 hoc
961 1480 1135 1529 agendum
1162 1481 1245 1526 erit,
1270 1486 1309 1516 ut
1336 1480 1436 1528 quasi
1461 1486 1596 1515 stamen
1622 1479 1759 1516 fabulae
1786 1480 1831 1515 ab

134 1546 176 1580 iis
203 1544 359 1592 partibus
387 1558 587 1592 separemus
614 1551 647 1580 et
673 1558 884 1594 purgemus,
921 1545 1048 1594 quibus
1082 1545 1176 1580 illam
1201 1545 1382 1594 paullatim
1408 1544 1606 1580 subtextam
1631 1551 1664 1580 et
1686 1546 1833 1594 implici-

133 1616 204 1644 tam
226 1622 300 1644 esse
323 1608 504 1656 probabile
541 1611 596 1644 sit.
658 1609 740 1654 Quo
773 1611 809 1644 in
837 1623 963 1659 genere
990 1610 1058 1645 hoc
1086 1611 1240 1645 omnium
1274 1611 1506 1646 certissimum
1540 1616 1612 1655 est,
1640 1611 1830 1659 genuinum

132 1674 302 1721 Daphnin
338 1688 410 1709 non
439 1679 578 1721 poetam
613 1674 676 1709 sed
711 1681 952 1724 argumentum
979 1676 1151 1722 poematis
1174 1674 1371 1710 habendum
1398 1688 1494 1720 esse,
1537 1674 1637 1723 cujus
1666 1676 1730 1710 etsi
1756 1688 1833 1723 per-

135 1751 241 1773 sonae
266 1738 446 1773 fabulosae
476 1752 547 1773 non
574 1739 723 1774 alienum
750 1746 815 1785 est,
842 1747 879 1775 ut
906 1739 1022 1775 fistula
1050 1741 1220 1776 cecinisse
1236 1740 1414 1788 ipsiusque
1431 1740 1559 1774 amoris
1576 1745 1611 1775 et
1631 1741 1827 1776 moestitiae

206 1846 232 1876 3)
252 1847 313 1870 Var.
336 1847 436 1871 nistor.
457 1848 487 1872 X.
506 1849 551 1872 18:
573 1851 596 1873 in
617 1851 645 1874 δὲ
668 1848 758 1874 rof-101¹
778 1849 811 1874 τιὶ
830 1848 966 1880 βουκολικά
982 1850 1044 1883 μέλη
1064 1851 1164 1882 πρῶτον
1181 1848 1255 1883 ᾔσθη
1275 1851 1317 1872 καὶ
1336 1846 1398 1880 εἶχεν
1418 1846 1540 1874 {abbam
1560 1848 1590 1874 ἰδ
1609 1849 1695 1878 πάθος
1714 1847 1744 1874 τὸ
1763 1851 1833 1874 nura*

134 1894 196 1923 τούς
215 1894 366 1925 Avonam&
386 1895 476 1921 mbo?-
497 1901 539 1922 καὶ
556 1898 715 1933 Σιησίχορᾶν
734 1910 760 1931 γε
780 1899 823 1924 τόν
841 1897 967 1932 Ἱμεραῖον
985 1900 1032 1932 τῆς
1050 1897 1174 1932 τοιαύτης
1192 1899 1336 1928 μέλῠποιῗας
1356 1896 1524 1932 ἀπάρξασθαί
1542 1908 1613 1928 φασι-

205 1946 233 1976 4)
253 1947 328 1970 Narr.
349 1951 428 1971 amat.
449 1948 498 1971 292
530 1950 554 1972 ἐν
573 1950 674 1982 Σικελίᾳ
703 1951 730 1973 δὲ
758 1948 856 1978 Δάφνις
883 1947 980 1982 Ἑρμοῦ
1004 1956 1064 1977 παῖς
1090 1951 1198 1981 ἐγένετο,
1225 1948 1326 1982 σύριγγι
1351 1959 1377 1973 τε
1402 1949 1436 1982 δι)
1455 1947 1534 1976 &niuis
1550 1947 1704 1983 χρήσασθαι
1723 1951 1767 1974 καὶ
1784 1948 1832 1983 τήν

136 1995 206 2019 ἰδέαν
225 1993 361 2029 ἐκπρεπής·
381 1990 458 2023 οὗτος
477 1999 510 2024 εἰς
528 1999 572 2026 μὲν
589 1997 632 2021 τόν
652 1998 730 2023 ηολιῖν
749 1995 835 2028 ἷμιλον
854 1998 954 2032 ἀνδρῶν
972 1997 1002 2023 ου’
1021 1999 1117 2033 κατῄει,
1140 1999 1269 2030 βουκολῶν
1288 1999 1315 2023 δὲ
1335 1997 1401 2022 narn*
1420 1998 1467 2031 τήν
1485 1999 1584 2032 Αἴτνην
1600 1997 1722 2030 χείμαιὸς
1741 2009 1768 2024 τε
1787 2000 1831 2023 καὶ

137 2047 230 2078 θέρους
250 2043 376 2078 ἤγραύλει.
402 2045 494 2071 τούτου
515 2048 627 2079 λέγουσιν
646 2046 775 2079 Έχενιιΐδα
795 2047 894 2081 νύμφην
920 2050 1073 2080 ἐρασθεῖσαν
1092 2047 1335 2081 παρακελεύσασθαι
1352 2047 1422 2080 ati-tq}
1441 2051 1541 2080 γυναικὶ
1558 2048 1594 2082 μή
1614 2047 1774 2082 πλησιάζειν·
1794 2046 1830 2081 μή

137 2096 287 2123 πειθομένου
305 2094 354 2128 γάρ
374 2094 453 2121 ιιιῖτοῠ
480 2098 659 2130 συμβήσεσθαι
684 2097 732 2127 ”cde
761 2098 830 2128 ἕψεις
855 2097 1008 2129 ἀποβαλεῖν·
1039 2096 1050 2122 ὅ
1075 2099 1103 2122 δὲ
1120 2096 1212 2132 χρόνον
1235 2099 1279 2127 μέν
1297 2108 1354 2122 τινα
1374 2100 1501 2131 καρτερῶς
1525 2096 1652 2129 ἀντεῖχεν,
1677 2101 1766 2131 καίπερ
1786 2096 1832 2123 otiu

139 2141 227 2175 ὀλίγων
245 2145 437 2174 ἒπιμαινομένων
463 2145 549 2180 αὐτῷ,
573 2145 675 2181 ὑσὶ-ερον
694 2150 722 2173 ὁὶ
741 2153 788 2178 μία
806 2151 856 2173 τῶν
875 2147 942 2173 κατά
962 2147 1008 2182 τήν
1026 2149 1144 2173 Σικελίαν
1161 2148 1302 2179 βασιλίδων
1320 2149 1377 2180 οἴνῳ
1397 2148 1482 2181 πολλῷ
1499 2147 1662 2181 δηληυαμένη
1680 2144 1758 2172 αιῖτόν
1770 2145 1832 2180 ἤγα-

139 2203 179 2223 yn
196 2193 230 2220 εἰς
248 2194 386 2223 ἐπιθυμίαν
405 2194 472 2229 αὐτῇ
492 2198 611 2230 μιγῆναι·
637 2200 679 2222 καὶ
698 2196 778 2227 οὕτως
795 2201 820 2224 ἐκ
839 2199 917 2223 τοῦδε
938 2196 1027 2227 ὁμοίως
1044 2196 1156 2232 Θαμύρᾳ
1175 2199 1212 2230 τῷ
1229 2198 1312 2231 Θρᾳκὶ
1331 2195 1366 2221 δι’
1383 2194 1528 2230 ἀφροσύνην
1545 2194 1701 2230 ἐπεπήρωτο.

211 2243 236 2273 5)
257 2243 366 2268 Diodor.
388 2245 442 2269 Sic.
464 2245 510 2270 IV.
531 2245 574 2270 84.

211 2292 238 2321 6)
261 2293 366 2317 Praeter
384 2295 522 2320 Theocriti
541 2297 629 2330 intpp.
647 2298 684 2322 cf.
706 2298 782 2331 impr.
805 2298 879 2322 Serv.
901 2298 934 2322 ad
953 2298 1051 2331 Vin-gil.
1073 2298 1138 2322 Buc.
1159 2297 1191 2321 V.
1213 2297 1256 2321 20.

212 2340 239 2372 7)
259 2341 297 2365 Ad
319 2342 394 2375 ldyll.
416 2345 491 2369 vm.
513 2345 560 2369 92:
592 2346 614 2370 οἶ
632 2347 660 2371 δὲ
679 2347 762 2371 λοιποὶ
780 2349 900 2381 (praeter
919 2347 1101 2377 Theocritum)
1121 2358 1195 2377 φασιν
1215 2346 1293 2372 αιῗτῦν
1312 2347 1481 2380 τυφλωθῆναι.
1501 2348 1541 2371 καὶ
1560 2344 1684 2375 ἀλώμενον
1704 2355 1834 2379 κατακρη-

141 2391 291 2423 μνησθῆναι.
