1987 2594
134 591 342 676 Summo
370 634 616 688 magistratu
646 631 905 682 academico,
938 647 1061 686 quem
1091 648 1168 688 per
1198 635 1308 674 hunc
1340 649 1495 674 annum
1518 635 1647 688 gessi,
1679 647 1831 687 prope-

138 702 309 742 modum
338 700 586 756 perfunctus
614 698 720 737 nihil
752 698 903 752 reliqui
930 699 1064 740 habeo
1092 701 1175 740 nisi
1206 707 1251 741 ut
1283 702 1601 742 benevolentiae
1634 705 1675 740 et
1711 701 1832 739 obse-

140 769 240 824 quio
271 773 434 819 vestro,
468 766 593 806 Cives
625 764 871 816 academici,
904 766 1193 806 commendem
1224 782 1513 808 successorem
1539 768 1618 806 rite
1647 771 1832 806 creatum

138 841 180 875 et
210 833 515 889 Augustissimi
539 832 672 886 Regis
695 831 967 887 ejusdemque
985 832 1242 873 Academiae
1267 839 1435 874 nostrae
1452 833 1650 873 Rectoris
1669 833 1834 886 Magni-

140 901 403 942 ficentissimi
441 899 662 940 clementia
696 898 1010 952 confirmatum,
1052 900 1187 939 virum
1226 900 1506 940 clarissimum
1541 899 1835 955 gravissimum

138 983 680 1042 AUGUSTUM
719 983 1256 1040 HENRIGUM
1295 984 1698 1040 RIT'DER
1735 984 1833 1039 I).

139 1096 263 1136 quem
292 1096 420 1136 quum
445 1080 536 1135 jam
566 1080 610 1119 in
629 1079 846 1134 superiore
873 1079 1000 1134 hujus
1023 1080 1210 1119 muneris
1236 1080 1598 1120 administratione
1620 1084 1835 1119 strenuum

138 1147 382 1202 diligentem
405 1148 632 1187 humanum
662 1151 708 1185 ut
738 1161 861 1200 quem
889 1146 1066 1187 maxime
1099 1148 1408 1201 cognoveritis,
1455 1147 1570 1187 nulla
1598 1161 1722 1187 causa
1755 1151 1832 1197 est,

137 1220 395 1270 quapropter
423 1213 627 1268 singulari
656 1227 747 1252 mea
777 1213 1015 1254 laudatione
1047 1229 1294 1269 prosequar.
1357 1215 1497 1256 Unum
1528 1215 1658 1270 igitur
1688 1220 1835 1266 restat,

139 1287 185 1321 ut
214 1282 330 1321 Deus
359 1280 556 1335 Optimus
574 1280 785 1320 Maximus
817 1281 994 1320 consilia
1025 1282 1117 1335 ejus
1137 1281 1326 1321 fortunet
1348 1280 1706 1337 Academiamque
1722 1282 1836 1321 illius

140 1348 335 1402 regimini
367 1347 569 1387 creditam
601 1347 771 1387 caelesti
802 1347 931 1387 tutela
960 1348 1155 1402 amplecti
1181 1353 1351 1403 pergat,
1392 1349 1499 1389 hanc
1539 1350 1673 1404 ipsam
1698 1355 1836 1390 autem

137 1419 185 1454 ut
215 1414 528 1466 demereamur,
576 1414 675 1453 novi
704 1413 974 1455 Prorectoris
1012 1430 1133 1455 curas
1174 1415 1217 1454 in
1253 1416 1465 1455 communi
1500 1415 1633 1456 salute
1667 1431 1833 1471 promo-

138 1480 274 1522 venda
304 1480 450 1521 sedulo
479 1480 741 1536 adjuvemus.

250 1637 331 1676 His
373 1635 527 1676 auditis
568 1651 695 1690 quum
730 1651 868 1676 meum
904 1642 1015 1676 esset
1045 1619 1198 1678 no⁶vun1
1229 1639 1529 1678 Prorectorem
1559 1638 1673 1679 velut
1704 1653 1836 1679 coena

140 1702 319 1757 quadam
350 1703 510 1744 aditiali
541 1718 593 1743 ex
623 1704 817 1758 antiquae
855 1702 1106 1744 eruditionis
1144 1720 1255 1760 penu
1283 1705 1501 1760 depromta
1533 1706 1755 1761 excipere,
1792 1706 1837 1745 in

140 1769 377 1824 Daphnidis
419 1769 604 1810 fabulam
642 1770 796 1822 incidi,
838 1785 961 1825 quam
996 1776 1212 1825 pastorum
1247 1771 1488 1812 Siculorum
1525 1772 1670 1812 oribus
1707 1771 1834 1812 tradi-

140 1841 225 1876 tam
260 1837 483 1892 princeps,
524 1842 570 1876 ut
607 1837 790 1889 videtur,
827 1836 1095 1877 Stesichorus
1125 1839 1377 1879 Himeraeus
1408 1839 1453 1878 in
1484 1839 1683 1879 carminis
1713 1855 1836 1895 argu-

141 1908 326 1943 mentum
358 1903 553 1955 contulit,
586 1918 636 1944 ex
660 1919 807 1944 eorum
834 1909 973 1944 autem
1002 1906 1220 1959 poetarum
1239 1920 1432 1958 numero,
1461 1906 1534 1961 qui
1565 1905 1618 1946 ad
1648 1912 1835 1946 nostram

140 1976 317 2011 aetatem
352 1976 655 2025 pervenerunt,
707 1971 962 2011 Theocritus
1003 1971 1234 2012 identidem
1270 1974 1331 2013 sic
1373 1973 1537 2027 attigit,
1579 1978 1625 2013 ut
1663 1979 1705 2013 et
1746 1974 1835 2029 ipse

140 2052 306 2093 semper
347 2037 458 2077 inter
500 2037 856 2092 locupletissimos
891 2038 984 2092 ejus
1023 2045 1218 2080 auctores
1260 2041 1508 2092 haberetur,
1558 2045 1599 2080 et
1634 2040 1835 2095 quicquid

140 2111 356 2160 praeterea
385 2104 436 2144 de
466 2103 538 2144 illa
568 2104 710 2144 sabula
739 2105 938 2146 traditum
967 2112 1093 2159 esset,
1123 2107 1168 2148 in
1192 2108 1273 2147 hoc
1295 2107 1544 2147 illustrando
1564 2108 1833 2162 praecipuum

140 2171 280 2211 locum
306 2170 527 2211 inveniret.
588 2171 750 2211 Eadem
778 2177 916 2213 tamen
947 2189 1075 2228 quum
1105 2189 1190 2214 non
1229 2174 1365 2215 solum
1394 2175 1438 2214 in
1468 2174 1833 2230 grammaticorum

142 2237 335 2280 manibus
361 2237 496 2277 varias
524 2242 565 2278 et
594 2238 849 2293 multiplices
880 2239 1038 2280 formas
1071 2240 1303 2293 induisset,
1341 2240 1417 2281 sed
1447 2256 1470 2281 a
1499 2241 1635 2296 poetis
1665 2255 1832 2296 quoque

143 2309 184 2343 et
214 2304 306 2358 ipso
338 2303 443 2344 adeo
474 2304 704 2345 Theocrito
732 2305 826 2345 aliis
856 2305 963 2346 locis
996 2307 1118 2348 aliter
1141 2313 1318 2348 tractata
1341 2322 1432 2348 esse
1456 2307 1685 2360 videretur,
1716 2322 1832 2348 acer-

144 2370 249 2410 rima
279 2369 538 2411 eruditorum
574 2371 712 2412 studia
750 2373 971 2426 excitavit,
1014 2375 1086 2430 qui
1123 2381 1194 2415 aut
1231 2375 1418 2416 diversas
1458 2375 1617 2415 formas
1647 2374 1758 2414 inter
1787 2390 1833 2415 se
