1987 2594
976 576 1020 629 Ι.

680 673 772 715 De
807 671 1019 724 Idylno
1056 671 1317 726 septimo.

246 826 533 875 Insignissimum
563 825 648 860 mihi
672 825 716 859 ad
741 823 975 872 Daphnideae
998 823 1136 859 fabulae
1163 823 1354 871 primordia
1382 824 1612 860 existimanda
1641 839 1778 874 semper
1800 828 1847 861 vi—

143 906 220 928 sum
248 898 303 928 est
324 890 444 940 Idyllii
472 891 614 939 septimi
640 889 886 933 testimonium,
912 888 974 923 ubi
1001 888 1214 924 Theocritus
1241 889 1332 924 inter
1359 889 1552 937 compluria
1577 892 1844 938 pastoriciorum

141 958 333 993 carminum
359 962 565 1004 argumenta
591 956 705 1003 primo
732 953 812 988 loco
840 953 906 988 hoc
933 954 1033 1000 ponit
1058 966 1091 987 v.
1119 950 1309 988 75-77:

366 1016 412 1059 ὥς
437 1033 540 1060 ποκα
565 1023 637 1059 τοῖς
663 1019 791 1068 ξενέοις
823 1016 1014 1069 ἠράσσατο
1040 1015 1188 1068 Δάφνις
1213 1015 1231 1056 o‘
1256 1016 1413 1063 βούτας,

369 1082 446 1132 χώς
473 1082 546 1136 ὅρος
573 1082 669 1135 ἄμφ’
693 1079 847 1123 ἐδονεῖτο
865 1082 894 1131 ²)
918 1082 987 1122 καῖ
1011 1080 1057 1122 ὥς
1084 1079 1183 1133 δρύες
1208 1081 1321 1122 αὑτὸν
1348 1083 1543 1135 ἑθρήνευν,

363 1147 488 1200 Ἱμέρα
516 1147 602 1189 αἶ’τε
629 1147 802 1200 φύοντι2)
831 1146 919 1198 παρ’
942 1144 1126 1195 ὄχθαισιν
1153 1151 1345 1196 ποταμοῖο,

365 1207 452 1254 εὖτε
477 1213 571 1262 χιών
597 1213 642 1254 ὥς
666 1229 722 1253 τις
748 1210 989 1252 κατετείκετο
1017 1212 1160 1264 μακρόν
1184 1211 1247 1263 ὑφ’
1275 1210 1396 1261 Αἶμον

364 1275 387 1323 ἦ
406 1277 528 1319 ”Αθ’ω
556 1274 579 1325 ἦ
601 1274 782 1318 Ῥοδόπαν
807 1275 829 1321 ἦ
855 1277 1066 1318 Καύκασον
1093 1277 1366 1325 ἑσχατόωντατ

141 1345 202 1392 qui
227 1344 327 1379 locus
353 1344 511 1392 quamvis
550 1343 720 1379 brevitate
755 1343 940 1379 ohscurior
974 1349 1089 1378 tamen
1122 1343 1217 1378 haud
1245 1344 1318 1379 scio
1345 1356 1390 1378 an
1415 1344 1481 1378 hac
1507 1345 1583 1391 ipsa
1610 1357 1647 1379 re
1674 1357 1844 1380 commen-

139 1408 261 1455 detur,
297 1408 392 1458 quod
418 1414 522 1456 poeta
547 1423 621 1445 rem
649 1409 763 1445 obiter
790 1413 1059 1453 commemorat,
1096 1421 1165 1455 qua
1198 1408 1234 1442 in
1268 1409 1443 1444 mentione
1476 1409 1563 1443 nihil
1587 1422 1712 1445 causae
1738 1411 1843 1455 inest,

138 1481 351 1523 quapropter
377 1487 453 1510 eam
478 1475 579 1509 novis
609 1474 785 1510 coloribus
813 1473 856 1509 de
883 1486 948 1509 suo
975 1472 1030 1508 vel
1056 1478 1203 1508 exornet
1229 1473 1283 1508 vel
1309 1472 1493 1509 deformet.
1531 1474 1714 1510 Habemus
1732 1475 1842 1524 igitur

136 1539 305 1587 Daphnin
330 1540 538 1588 peregrinae
565 1539 719 1575 mulieris
747 1552 865 1574 amore
893 1545 1045 1586 captum,
1074 1538 1174 1585 eujus
1202 1537 1375 1574 desiderio
1407 1540 1538 1574 circum
1565 1546 1703 1575 montes
1731 1547 1836 1585 errat,

136 1603 228 1639 idem
255 1616 338 1639 vero
366 1616 449 1639 mox
476 1604 556 1640 tabe
583 1604 766 1640 confectus
781 1605 943 1652 nivisque
969 1604 1081 1639 instar
1107 1602 1281 1639 resolutus
1306 1603 1467 1639 arborum
1494 1604 1624 1639 luctum
1647 1618 1758 1652 prope
1774 1605 1840 1639 Hi-

136 1682 252 1704 merae
287 1668 440 1704 fluminis
474 1670 585 1717 ripam
619 1671 768 1714 excitat,
801 1682 869 1718 qua
895 1670 932 1703 in
964 1669 1117 1717 imagine
1148 1681 1237 1717 quae
1263 1669 1354 1703 nivis
1380 1675 1497 1716 partes
1524 1670 1617 1714 sint⁷
1656 1669 1842 1717 postmodo

137 1732 350 1781 videbimus3
384 1746 478 1769 nunc
515 1735 630 1782 ipsum
655 1735 825 1770 Himerae
861 1747 987 1770 nomen
1023 1746 1089 1769 nos
1124 1732 1168 1768 ad
1195 1733 1438 1768 Stesichorum
1473 1735 1638 1779 remittit,
1673 1747 1746 1769 non
1769 1747 1840 1782 (pio

139 1798 370 1834 Theocritum
399 1812 567 1834 summam
595 1798 732 1835 fabulae
766 1812 809 1834 ex
839 1798 944 1847 hujus
976 1799 1093 1846 potius
1127 1799 1334 1834 auctoritate
1367 1811 1469 1846 quam
1497 1812 1539 1833 ex
1567 1812 1628 1834 ore
1659 1799 1839 1834 hominum

138 1862 364 1911 descripsisse
403 1869 615 1910 statuamus,
649 1864 709 1901 sed
744 1870 782 1899 ut
816 1865 928 1912 ipsam
955 1863 1046 1898 hanc
1073 1876 1242 1898 summam
1272 1875 1349 1898 cum
1377 1876 1415 1898 ea
1442 1863 1723 1898 conformatione
1747 1876 1836 1899 com-

209 1981 233 2016 1)
252 1982 296 2007 Sic
317 1991 348 2007 ex
368 1982 496 2007 Meinekii
517 1983 673 2016 conjectura
701 1982 810 2015 scripsit
829 1981 992 2010 Abrensius,
1019 1981 1160 2014 firmatque
1186 1982 1213 2005 in
1242 1981 1323 2004 simili
1349 1989 1428 2005 causa
1454 1982 1511 2014 ipse
1529 1981 1665 2006 Theocrit.
1687 1982 1762 2007 XIII.
1787 1984 1835 2006 (552

136 2028 278 2065 (Ηρακλέης
294 2033 409 2059 τοιοῦτος
430 2034 454 2056 ἐν
474 2031 633 2064 ιῖτρίτιι-οισιν
653 2030 784 2058 ἀκάνθαις
809 2033 890 2055 παῖδα
924 2033 1012 2055 ποθῶν
1037 2029 1163 2064 δεδὸνητο
1185 2042 1208 2057 κ.
1228 2041 1251 2055 τ.
1271 2031 1292 2054 λ.
1330 2030 1410 2061 Quod
1431 2031 1458 2054 in
1487 2030 1564 2055 libris
1589 2035 1629 2056 est
1647 2030 1704 2064 ὅρος
1723 2030 1837 2062 ἄμφεπο-

137 2085 216 2111 νεῒτο,
241 2081 384 2114 lapicidam
411 2081 501 2115 potius
527 2082 568 2106 vel
596 2082 755 2114 Iignatorem
786 2090 863 2114 quam
890 2089 979 2105 amore
1005 2081 1126 2105 saucium
1153 2080 1308 2113 siguificat,
1337 2080 1392 2104 sive
1420 2080 1506 2104 solum
1531 2082 1641 2105 ἐπονεῖτο
1668 2082 1835 2114 respicimus,

138 2128 203 2158 ἀμφὶ
221 2127 278 2163 ἔρος
299 2131 384 2155 otiose
403 2131 528 2165 lauguet3
557 2141 587 2156 ex
608 2133 680 2164 vulg.
701 2135 790 2155 autem
807 2131 871 2155 lect.
893 2129 1062 2160 α’μφεπολεῖτο
1088 2139 1120 2155 ne
1141 2128 1278 2160 ἀμφεπόλει
1297 2140 1323 2154 τε
1344 2131 1547 2164 exsculpamuS,
1576 2131 1714 2163 sequentia
1734 2133 1835 2159 vetant,

139 2187 207 2212 quae
227 2188 279 2204 nou
300 2184 392 2205 mutuo
411 2181 520 2206 vinculo
540 2189 598 2206 cum
619 2181 668 2206 hoc
688 2179 838 2210 ιίμφιπολεῑν
862 2180 1052 2208 continentur.
1084 2181 1131 2205 sed
1159 2181 1192 2205 ad
1214 2180 1347 2214 posterius
1375 2183 1479 2214 ternpus
1507 2183 1648 2213 spectant;
1679 2180 1770 2213 itaque
1790 2183 1846 2217 aut(

138 2236 198 2253 cum
219 2229 342 2261 Zieglero
362 2228 499 2259 ιῖμφεπόλει
515 2227 567 2261 χώς
585 2230 611 2254 αἱ
630 2231 705 2263 δρύες
727 2230 898 2254 scribendum
924 2233 969 2253 aut
989 2230 1076 2254 lenior
1095 2229 1217 2254 Abrensii
1237 2231 1370 2254 medicina
1393 2230 1577 2263 amplectenda
1599 2232 1648 2253 est.

208 2276 237 2310 2)
258 2277 339 2310 Fugit
357 2278 385 2303 h.
406 2279 426 2303 1.
449 2280 565 2304 editores
586 2279 709 2304 Merkelii
731 2280 887 2313 conjectura
914 2279 985 2304 haud
1003 2278 1126 2312 profecto
1153 2280 1301 2312 spernenda
1329 2281 1357 2304 αἲ
1374 2278 1498 2309 πεφύαντι
1524 2280 1646 2311 (Quaest.
1668 2278 1748 2303 Ovid.
1770 2279 1832 2303 Hal·

140 2326 217 2351 1835.
238 2327 266 2357 8,
284 2336 313 2361 p.
335 2327 379 2359 43)
398 2329 430 2353 ad
451 2328 561 2354 Homeri
584 2330 732 2363 exemplum
754 2328 832 2354 Iliad.
855 2329 901 2353 lv.
924 2328 986 2357 484,
1007 2328 1105 2362 Odyss.
1128 2328 1190 2352 vu.
1214 2328 1279 2358 128;
1311 2330 1354 2354 cui
1374 2333 1444 2354 certe
1464 2339 1497 2354 ne
1517 2329 1583 2353 illud
1603 2329 1712 2362 quidem
1733 2327 1832 2357 obstat,

137 2377 208 2410 quod
229 2376 267 2402 ld.
288 2376 358 2401 XVI.
379 2376 409 2401 77
431 2378 517 2411 major
535 2377 663 2403 librorum
685 2388 808 2404 numerus
828 2379 956 2413 ἕρρίγασιν
974 2387 1052 2412 quam
1071 2379 1200 2412 ἓρρίγαντι
1219 2379 1396 2404 commendat.
