1987 2594
934 151 972 191 6

103 263 264 311 Daphnis
297 258 342 294 ob
373 255 672 306 pulchritudinem
701 254 874 302 appetitus
902 258 1014 297 esset,
1053 251 1300 299 Chimaeram,
1337 260 1377 289 ut
1408 254 1586 302 loquitur,
1624 254 1818 302 substituit,

104 341 205 377 quani
233 324 324 359 ultro
351 322 408 357 ille
433 327 550 369 spreta
576 319 705 355 Nomia
728 318 895 367 Nympha
922 323 1063 353 secutus
1091 318 1156 366 sit3
1193 324 1302 366 utque
1327 319 1491 367 Pipleam
1517 320 1673 366 mittam,
1714 333 1819 369 quam

103 391 221 428 eodem
246 394 333 424 teste
360 387 418 422 alii
444 400 463 421 a
482 384 672 434 Daphnide
699 390 847 419 amatam
875 388 909 419 et
931 396 994 431 per
1019 389 1132 418 totum
1158 381 1277 418 orbem
1305 383 1341 417 in
1357 383 1557 432 Phrygiam
1581 398 1694 433 usque
1714 398 1820 434 quae·

106 458 204 492 sitam
232 467 309 489 esse
334 450 578 488 memorabant
593 451 659 497 23),
687 451 764 498 ipsa
791 449 850 484 illa
879 447 1069 484 Chimaera
1097 447 1177 483 vide
1204 461 1249 483 ne
1275 449 1463 497 peregrina
1490 455 1610 484 nostra
1630 450 1688 495 sit,
1715 449 1818 498 cujus

106 534 210 571 quum
236 517 331 553 aliud
353 530 483 552 nomen
502 517 684 564 proprium
711 519 895 562 suppetat,
924 513 978 548 vel
1017 520 1162 561 propter
1188 513 1280 548 hauc
1303 526 1445 549 causam
1467 514 1560 563 apud
1586 515 1819 551 Theocritum

102 584 304 634 appellative
340 582 457 630 potius
485 578 712 628 intelligenda
740 579 818 614 erit.
881 577 1095 625 Quanquam
1132 591 1176 614 ne
1208 578 1295 613 illud
1328 578 1472 627 quidem
1503 592 1652 625 recuso,
1683 581 1714 615 si
1739 581 1819 629 quis

107 650 330 686 Chimaeram
355 659 494 694 quoque
521 644 614 692 apud
637 643 801 679 Servium
830 642 1039 691 appellative
1063 642 1133 677 dici
1160 643 1337 679 existimet
1358 643 1480 679 eodem
1503 658 1632 690 sensu,
1658 658 1729 692 quo
1757 645 1820 679 ho-

102 715 224 762 dieque
252 711 346 748 Galli
378 711 574 758 horumque
607 708 767 756 exemplo
802 721 867 743 nos
904 720 1044 756 quoque
1080 708 1234 756 speciem
1267 721 1392 743 vanam
1427 715 1533 758 atque
1567 710 1706 745 inanem
1743 710 1819 745 sine

101 785 241 815 externa
265 778 412 812 veritate
435 776 649 824 cogitatione
676 780 814 809 tantum
842 779 1050 820 conceptam
1078 772 1290 808 chimaeram
1322 774 1552 821 appellamus,
1576 775 1638 823 qui
1655 775 1819 811 vocabuli

100 857 184 879 usus
212 855 318 890 quam
344 841 431 876 altas
466 840 603 874 radices
629 844 730 887 agat,
763 838 923 886 quamvis
951 836 1075 872 sedulo
1100 850 1274 886 quaerens
1304 838 1462 874 invenire
1497 852 1570 873 non
1595 841 1715 888 potui,
1751 841 1819 876 hoc

99 915 213 944 tamen
240 913 318 943 utut
345 913 420 952 est,
447 905 617 953 puellam,
652 917 757 952 quam
785 904 917 938 frustra
947 902 1110 950 Daphnis
1146 916 1210 950 per
1242 909 1381 939 montes
1419 903 1594 952 silvasque
1623 911 1819 953 quaereret,

97 973 319 1022 peregrinam
346 972 414 1006 hoc
443 977 496 1005 est
525 970 746 1017 incognitam
774 975 808 1003 et
836 968 982 1003 fortuito
1010 967 1181 1015 adspectu
1201 967 1352 1003 oblatam
1370 968 1481 1004 fuisse
1500 969 1726 1005 manifestum
1754 976 1819 1015 est,

101 1051 215 1086 neque
250 1037 373 1081 aliter,
406 1036 551 1083 opinor,
587 1033 664 1069 fieri
698 1039 859 1081 poterat,
897 1040 936 1068 ut
967 1033 1063 1068 salva
1097 1033 1308 1068 verecundia
1341 1034 1465 1069 infelix
1491 1034 1693 1082 Daphnidis
1720 1048 1820 1070 amor

100 1104 135 1136 in
162 1102 341 1150 pastoricii
369 1100 534 1135 carminis
563 1098 800 1134 celebritatem
826 1098 950 1133 abiret.
1006 1098 1151 1145 Quippe
1183 1099 1212 1132 si
1247 1098 1453 1146 popularem
1480 1111 1520 1134 ac
1548 1099 1699 1133 vicinam
1725 1099 1821 1146 puel-

98 1168 166 1201 lam
193 1165 392 1214 deperibat,
419 1165 520 1212 cujus
542 1163 714 1212 adspectu
741 1176 782 1198 ac
806 1163 981 1212 colloquio
1009 1163 1218 1211 quotidiano
1244 1163 1314 1198 frui
1341 1169 1476 1211 posset,
1507 1170 1547 1199 ut
1569 1164 1675 1212 hujus
1704 1177 1822 1200 amore

100 1231 384 1275 contabesceret,
421 1236 481 1265 aut
507 1230 622 1276 ipsum
649 1230 769 1277 sperni
795 1242 814 1263 a
836 1229 951 1277 puella
978 1241 1124 1264 necesse
1153 1235 1246 1274 erat,
1282 1236 1342 1264 aut
1370 1251 1414 1255 —
1443 1243 1551 1278 quum
1576 1230 1656 1265 talis
1684 1230 1819 1265 fastidii

101 1296 234 1331 nullum
259 1295 352 1343 apud
376 1307 575 1342 quenquam
611 1294 818 1341 scriptorem
856 1300 935 1328 ante
960 1293 1189 1343 Nonnum24)
1224 1296 1413 1342 vestigium
1438 1302 1554 1330 exstet
1577 1317 1625 1321 —-
1649 1296 1716 1330 hac
1741 1295 1818 1330 sola

101 1359 320 1409 aegritudine
346 1357 549 1402 laborabat,
583 1357 675 1405 quod
701 1371 764 1405 per
792 1352 898 1393 fluem
922 1358 1108 1407 Nymphae
1144 1359 1259 1394 datam
1296 1358 1338 1393 ab
1373 1359 1449 1406 ejus
1478 1359 1670 1394 concubitu
1697 1361 1818 1407 reique

102 1426 275 1462 Veneriae
303 1423 560 1460 consuetudine
588 1430 789 1470 arcerem-5
818 1430 865 1468 at,
893 1425 1030 1471 opinor,
1057 1425 1087 1458 is
1115 1437 1187 1459 non
1215 1423 1380 1459 desiderii
1407 1423 1469 1459 sed
1496 1423 1652 1458 libidinis
1670 1422 1814 1458 morbus

102 1492 246 1536 fuisset,
283 1491 339 1525 cui
372 1488 578 1525 exornando
616 1489 897 1538 celebrandoque
933 1502 977 1524 ne
1005 1502 1176 1524 summam
1203 1489 1345 1538 quidem
1373 1490 1606 1525 rusticitatem
1634 1490 1819 1524 suffecisse

103 1557 282 1602 existimo,
319 1562 428 1604 utque
461 1553 653 1589 concedam
687 1555 723 1589 in
762 1554 968 1603 hujusmodi
1003 1554 1214 1590 abstinentia
1246 1554 1478 1591 describenda
1504 1555 1668 1590 hodierni
1692 1561 1818 1602 poetae

103 1634 248 1656 acumen
275 1619 342 1655 sibi
369 1619 535 1668 plaudere
561 1632 688 1667 posse,
716 1621 862 1669 antiqua
888 1633 1023 1655 morum
1047 1620 1254 1668 simplicitas
1281 1621 1477 1656 castitatem
1505 1621 1658 1655 externis
1681 1626 1818 1655 tantum

104 1769 219 1784 nister-um
237 1763 329 1793 potius
346 1765 515 1793 sequeretur,
541 1762 576 1786 ab
597 1763 668 1786 irata
687 1762 816 1796 Nympha
842 1764 970 1787 amatrice
998 1763 1145 1787 luminibus
1172 1763 1283 1787 orbatus
1303 1768 1357 1791 est,
1386 1762 1481 1788 deinde
1509 1764 1538 1787 in.
1567 1763 1684 1797 lapidem
1711 1772 1818 1793 versus,·

105 1820 167 1834 nam
186 1810 260 1843 apud
282 1809 528 1842 Cephaleditanum
549 1812 679 1846 oppidum
700 1822 795 1837 saxum
816 1813 917 1838 dicitnr
939 1822 1008 1843 csse,
1035 1813 1109 1847 quod
1133 1813 1248 1847 formam
1270 1813 1385 1838 hominis
1405 1813 1536 1838 ostendat.

173 1859 217 1891 23)
239 1860 356 1884 Ibidem:
387 1860 438 1884 alii
463 1861 533 1886 hune
551 1862 682 1896 Daphnin
710 1863 831 1896 Pipleum
859 1873 961 1887 annasse
981 1864 1090 1892 dieunt,
1119 1873 1198 1897 quam
1219 1872 1299 1896 quum
1321 1873 1336 1887 α
1367 1863 1548 1897 praedonibus
1567 1868 1674 1896 raptam
1692 1862 1820 1897 Daphnis

103 1919 151 1943 pcr-
171 1914 254 1934 tatum
277 1910 365 1933 orbem
384 1911 531 1943 quaesisset
550 1913 748 1946 invenissetque
767 1914 795 1937 in
816 1913 938 1948 I'Iiryyia
958 1913 1034 1947 apud
1054 1914 1202 1946 Lytiersem
1221 1923 1309 1947 reqem
1328 1915 1484 1938 servientem
1503 1917 1556 1938 etc.
1594 1915 1736 1937 Auctorem
1753 1912 1819 1937 haec

106 1959 257 1983 Sositheum
279 1960 502 1984 menandi-ensem
524 1961 621 1986 habere
643 1963 783 1992 videntur,
813 1963 892 1996 cujus
912 1962 1010 1993 Διίφινις
1030 1962 1046 1996 ἢ
1065 1966 1209 1997 Λυτιέρσης
1228 1964 1353 1987 laudatur
1372 1963 1405 1988 ab
1425 1963 1520 1988 Athen.
1542 1963 1574 1987 Χ.
1596 1963 1629 1992 δ,
1658 1961 1758 1992 Δάφνις
1778 1971 1820 1987 so-

105 2010 146 2034 lus
165 2009 198 2034 ab
219 2010 305 2033 Anon.
332 2010 364 2033 de
386 2008 493 2034 Mulier.
521 2012 548 2034 in
569 2011 711 2037 WVesterm.
738 2014 919 2047 Παραδοξογρ,
941 2022 968 2047 p.
990 2014 1059 2043 2203
1091 2022 1139 2038 nec
1165 2013 1251 2047 probo
1278 2013 1350 2046 quod
1379 2013 1529 2038 Heerenius
1554 2013 1624 2038 Bibl.
1651 2013 1679 2036 d.
1703 2021 1729 2036 a.
1751 2012 1817 2036 Litt.

107 2060 136 2083 T.
158 2059 209 2083 Vll
232 2059 306 2083 lued.
328 2068 355 2093 p.
379 2058 410 2082 12
430 2063 456 2083 et
486 2060 658 2085 Eichstadius
680 2064 768 2088 Dram.
789 2071 856 2087 com.
879 2067 929 2087 sat.
952 2073 979 2096 p.
998 2064 1029 2087 ⁴24
1051 2063 1132 2096 hujus
1154 2063 1279 2096 Daphnin
1300 2072 1313 2086 a
1333 2067 1440 2096 pastore
1461 2063 1553 2088 Siculo
1573 2071 1683 2096 prorsus
1702 2063 1819 2086 alienum

107 2108 223 2137 habent;
251 2109 406 2133 interiorem
426 2112 514 2133 tamen
535 2111 674 2144 utriusque
696 2113 804 2137 rabulae
825 2122 919 2137 nexum
945 2121 997 2137 non
1022 2114 1105 2146 magis
1132 2122 1248 2145 agnosco
1270 2123 1349 2147 quam
1371 2114 1526 2138 wolckerus
1547 2112 1656 2137 Griech.
1687 2112 1766 2144 Trng.
1789 2121 1817 2145 p.

108 2157 185 2181 1256:
214 2156 272 2181 clem
290 2158 427 2182 Sositheus
445 2159 550 2184 scheint
571 2162 665 2195 eiqen,
687 2162 749 2186 dass
769 2172 796 2186 er
815 2162 858 2186 die
877 2164 943 2186 :wei
961 2164 1046 2198 vullig
1066 2163 1271 2188 verschiedeuen
1284 2183 1291 2192 ,
1312 2173 1364 2188 nur
1384 2163 1460 2187 beide
1480 2162 1635 2188 lc'indlichen
1654 2161 1746 2196 Sagen
1767 2170 1820 2186 von

108 2207 244 2240 Lylierses
264 2207 321 2231 und
339 2208 466 2241 Daphnis
486 2210 535 2233 mit
555 2210 683 2235 einander
703 2213 730 2236 in
753 2212 930 2247 Ver-bindunq
951 2218 1029 2241 sezle,
1051 2222 1094 2237 um
1114 2213 1165 2237 den
1184 2213 1318 2238 Herakles
1332 2223 1391 2238 zum
1406 2213 1514 2237 michar
1529 2212 1574 2237 des
1595 2216 1679 2247 quien
1693 2212 1821 2246 Daphnis⁵

108 2265 144 2281 an
163 2256 220 2281 dem
244 2256 354 2281 Uulnold
372 2257 511 2290 Lylierses
529 2268 561 2283 zu
581 2260 698 2285 mat-ben.

177 2306 223 2336 24)
244 2306 354 2339 Dionys.
375 2307 432 2332 XV.
453 2307 516 2337 307,
539 2309 637 2342 quibus
659 2310 745 2334 utitur
765 2311 919 2344 Lennepius
937 2320 965 2344 p.
991 2312 1053 2336 1713:
1074 2305 1090 2336 «i
1108 2311 1175 2337 πὸσα
1194 2312 1294 2341 Δάφνις
1313 2310 1395 2336 ἄειδεν
1415 2309 1427 2334 ὁ
1445 2312 1582 2342 βουκόλος·
1602 2310 1668 2341 ἅμφὶ
1685 2312 1715 2336 δὲ
1733 2310 1820 2345 μολπῇ

107 2358 236 2388 παρθένος
253 2354 410 2387 α’σιιβὲιοσιν
434 2355 557 2383 ἑκειῖθηο
576 2361 673 2388 μᾶλλον
692 2361 806 2393 ,ἐρίπνης
819 2379 826 2389 ,
848 2365 976 2393 nom-‘virle
995 2360 1122 2392 qsnfyovcm
1141 2364 1203 2395 βοῆς
1228 2363 1319 2391 μέλοςε
1350 2365 1377 2386 at
1399 2362 1497 2395 reliqui
1517 2362 1551 2386 ab
1571 2362 1694 2386 omnibus
1712 2360 1821 2394 feminis

105 2410 221 2430 amatum
241 2406 331 2439 potius
351 2411 478 2436 narrant;
497 2408 534 2432 cf.
553 2407 628 2434 Serv.
649 2409 682 2434 ad
704 2408 779 2433 Vlll.
800 2409 832 2433 68
851 2413 877 2434 et
898 2410 1022 2434 Parthen.
1044 2420 1104 2444 sup.
1126 2415 1182 2435 not.
1199 2412 1223 2437 4.
