1987 2594
937 126 1008 167 11)

117 240 184 274 nisi
211 235 391 284 pastoricii
417 233 617 268 certaminis
644 231 832 279 imaginem
860 230 1032 274 continet,
1059 230 1097 262 in
1123 241 1193 276 quo
1213 228 1416 275 Daphnidis
1434 242 1563 263 nomen
1578 235 1616 264 ut
1638 229 1826 266 Menalcae

117 303 260 338 fortuito
282 304 414 334 tantum
442 310 506 345 pro
536 297 661 344 quovis
690 295 842 330 bubulco
879 295 1031 342 positum
1070 307 1148 329 esse
1176 293 1330 338 dixeris,
1366 299 1483 328 tamen
1509 293 1577 328 hoc
1603 295 1682 342 ipso
1708 295 1743 328 in
1771 308 1831 343 ge-

117 381 197 403 nere
224 371 257 400 et
283 377 345 412 per
371 377 409 399 se
437 363 735 410 comparationem
762 373 842 395 cum
869 366 994 394 octavo
1021 357 1167 407 praebet
1201 365 1236 394 et
1262 357 1356 393 haud
1383 359 1458 394 scio
1484 372 1529 394 an
1555 358 1622 394 hac
1651 372 1830 408 compara-

117 435 206 468 tione
233 430 435 478 diligentius
460 429 622 463 instituta
646 428 750 462 etiam
779 423 1048 460 difficultatibus
1075 423 1144 459 illis
1167 423 1331 459 tollendis
1365 425 1552 469 inserviat,
1581 424 1709 473 quibus
1734 432 1829 460 octa-

115 509 192 531 vum
220 494 373 542 Idyllion
404 492 562 528 laborare
589 492 747 540 plerique
778 491 989 538 interpretes
1028 489 1122 524 haud
1155 489 1329 524 immerito
1352 488 1572 537 judicarunt.
1625 490 1735 525 Mitto
1759 491 1829 525 sin-

118 561 215 609 gulos
238 572 381 603 versuS,
418 559 456 593 in
482 557 609 606 quibus
646 557 848 592 criticorum
881 568 988 589 nasus
1018 553 1201 599 adhaesit,
1239 566 1354 602 neque
1386 555 1416 588 is
1445 567 1524 588 sum
1548 554 1731 603 equidem,
1764 556 1826 604 qui

118 626 291 673 elegiacos
318 636 443 659 versus
470 622 632 658 bucolico
660 621 808 656 carmini
835 621 951 655 minus
979 620 1087 654 inseri
1113 619 1270 667 potuisse
1298 618 1448 655 arbitrer
1461 619 1535 668 54),
1561 633 1664 668 quam
1686 627 1828 669 tragoe-

116 690 202 735 diae,
229 690 264 723 in
293 702 363 737 qua
387 688 577 736 Euripides
606 686 893 722 Andromacham
921 685 1096 733 integrum
1134 697 1276 719 carmen
1310 685 1506 733 elegiacum
1540 686 1750 721 recitantem
1776 686 1830 720 in-

115 753 359 802 troduxit55);
395 753 457 788 sed
481 758 514 788 et
540 754 616 801 ipsa
643 764 874 799 personarum
900 749 1084 798 dispositio
1107 750 1295 798 ancipitem
1321 749 1489 786 lectorem
1514 756 1622 795 tenet,
1648 756 1684 785 et
1708 763 1829 799 quam-

115 821 166 854 vis
195 818 281 853 illud
309 817 530 866 disponendo
553 817 695 852 efficere
720 817 917 865 possimus,
944 821 984 851 ut
1010 814 1212 863 Daphnidis
1239 827 1392 862 persona
1419 814 1486 850 sibi
1513 820 1664 860 constet,
1687 815 1723 849 in
1749 815 1827 851 Me-

116 883 215 918 nalca
242 888 339 918 certe
367 882 494 930 duplex
512 881 705 916 difficultas
732 887 899 927 remanet,
929 880 1026 929 quod
1052 881 1114 928 qui
1139 881 1176 914 in
1202 880 1376 928 principio
1397 881 1561 914 carminis
1585 892 1668 915 oves
1690 884 1826 914 tantum

117 949 249 997 pascit,
276 949 313 982 in
341 953 495 983 extremo
523 947 712 981 certamine
734 945 856 981 haedis
880 946 1014 993 pariter
1043 951 1146 993 atque
1173 944 1298 980 ovibus
1323 950 1441 990 cavet,
1481 943 1647 993 quodque
1674 945 1725 989 is,
1764 945 1826 993 qui

114 1013 218 1049 modo
247 1013 382 1061 puellae
410 1026 447 1047 sc
474 1025 592 1046 amore
614 1012 781 1060 jactavit,
822 1010 927 1058 paulo
954 1017 1036 1059 post
1062 1010 1188 1058 puerili
1214 1015 1310 1045 metu
1335 1009 1456 1057 lupum
1482 1009 1714 1058 depreeatur,

341 1073 424 1125 μηδ’
443 1072 560 1115 cidini-:t
587 1074 622 1123 μ’
651 1073 706 1115 ὅτι
729 1075 859 1125 μικκός
883 1075 952 1115 ἑῶν
974 1077 1187 1115 πολλαῖσιν
1214 1073 1386 1126 ὄμαρτέω
1403 1074 1469 1123 35)-

114 1144 256 1178 Horum
280 1144 388 1192 igitur
414 1148 599 1190 utrumque
624 1141 704 1177 vide
728 1155 771 1177 ne
794 1155 889 1177 nono
918 1142 1035 1190 potius
1061 1141 1190 1190 ldyllio
1217 1141 1421 1185 conveniat,
1444 1139 1505 1174 ubi
1530 1153 1619 1188 puer
1644 1139 1829 1175 Menalcas

116 1208 171 1243 vel
198 1209 234 1242 in
259 1209 405 1255 praemii
432 1208 622 1255 exiguitate
648 1214 815 1255 apparet,
842 1205 1033 1258 στρόμβου
1060 1208 1177 1258 καλῷ
1202 1203 1394 1258 ὀστράκῳ,
1431 1218 1501 1255 quo
1530 1204 1687 1240 adultum
1714 1211 1831 1253 pasto-

116 1286 190 1308 rem
213 1274 272 1307 vix
297 1272 497 1307 habiturum
526 1273 637 1307 fuisse
661 1272 814 1307 arbitror
836 1272 921 1320 quid
949 1272 1101 1317 faceret,
1128 1271 1221 1307 idem
1248 1284 1331 1307 vero
1354 1270 1485 1306 ibidem
1513 1271 1617 1306 claris
1645 1270 1759 1307 verbis
1787 1284 1828 1306 se

117 1337 275 1377 πολλοῖς
302 1338 371 1385 μὲν
393 1335 440 1377 &Is
467 1337 624 1377 πολλεὲς
647 1334 684 1376 δὲ
713 1338 894 1388 χιμαίρας
920 1337 1050 1373 habere
1071 1337 1186 1385 jactat
1208 1337 1326 1384 itaque
1344 1336 1447 1371 simul
1469 1342 1503 1372 et
1521 1333 1678 1375 αἰπόλος
1700 1342 1733 1371 et
1748 1349 1829 1374 ποι-

118 1403 191 1450 μὴν
215 1409 277 1449 est,
304 1403 400 1452 quod
426 1404 462 1437 in
490 1404 604 1438 octavi
637 1403 857 1449 Menalcam,
893 1404 955 1452 qui
979 1402 1072 1438 clare
1099 1402 1143 1437 ab
1170 1400 1322 1454 αἷπόλῳ
1349 1401 1590 1450 distinguitur,
1616 1414 1688 1436 non
1714 1400 1830 1447 eadit5

120 1467 215 1517 quod
240 1469 269 1503 si
296 1474 477 1516 praeterea
505 1466 688 1516 πυμάτας
713 1468 807 1502 illius
835 1464 931 1507 ὦδᾱς
956 1474 1105 1503 metrum
1137 1468 1369 1516 respicimus,
1395 1466 1492 1516 quod
1518 1479 1592 1501 non
1624 1467 1740 1502 octavi
1766 1465 1832 1502 scd

121 1534 207 1568 noni
232 1533 369 1569 demum
396 1533 515 1582 ldyltii
542 1535 724 1569 certamini
752 1534 929 1579 convenit,
956 1547 1029 1569 non
1054 1534 1182 1582 opinor
1199 1539 1330 1569 temere
1347 1532 1536 1582 judicabit,
1559 1533 1620 1582 qui
1639 1539 1831 1568 extremam

120 1598 212 1632 hanc
237 1599 437 1634 certaminis
461 1605 596 1646 partem
623 1606 756 1634 mature
785 1612 889 1645 sanc,
927 1605 963 1634 at
989 1606 1109 1635 contra
1136 1604 1263 1647 poetae
1290 1598 1503 1634 voluntatem
1529 1611 1548 1633 a
1577 1611 1673 1634 nono
1701 1597 1831 1646 Idyllio

123 1663 168 1697 ad
191 1670 352 1699 octavum
378 1664 583 1700 translatam
608 1678 686 1700 esse
704 1665 873 1700 statuerit.
912 1663 1011 1708 Quid
1029 1663 1126 1713 quod
1148 1665 1253 1700 etiam
1274 1663 1417 1713 longius
1433 1663 1601 1712 progredi
1622 1662 1830 1699 hariolando

122 1727 262 1773 licebit,
291 1734 347 1773 ut,
375 1742 481 1776 quum
514 1731 551 1764 in
578 1731 654 1778 ipso
684 1731 768 1764 noni
795 1729 915 1778 Idyllii
940 1730 1115 1778 principio
1143 1730 1269 1764 mirum
1302 1730 1338 1763 in
1365 1729 1506 1765 modum
1536 1729 1590 1764 bis
1617 1728 1830 1778 praecedere

124 1791 309 1839 Daphnis,
336 1792 503 1842 subsequi
530 1794 712 1830 Menalcas
734 1793 922 1842 jubeatur,
948 1795 984 1828 in
1009 1808 1113 1830 versu
1140 1800 1257 1840 sexto,
1286 1795 1346 1842 qui
1372 1795 1507 1843 insigni
1532 1794 1694 1830 lectionis
1722 1794 1833 1830 varie-

124 1862 196 1891 tate
224 1857 404 1905 antiquam
432 1859 666 1906 corruptelam
694 1860 825 1907 arguit,
853 1860 905 1894 sic
933 1859 1007 1895 fere
1028 1859 1261 1895 Theocritum
1284 1860 1473 1907 scripsisse
1489 1860 1727 1907 suspicemur:
1755 1856 1833 1898 ἄλ.-

123 1923 225 1960 λοκα
255 1917 284 1960 δ’
309 1915 416 1961 αὖτις
443 1920 686 1974 ὗφαγήσαιτο
714 1921 946 1967 Μενάλκας,
971 1924 1065 1974 quod
1089 1930 1278 1973 postquam
1305 1924 1473 1960 translata
1497 1925 1606 1960 altera
1630 1925 1832 1960 certaminis

123 1992 245 2034 parte,
272 1987 309 2021 in
337 2000 407 2036 qua
427 1989 560 2035 primae
587 1989 771 2026 Menalcae
798 1997 916 2038 partes
942 1997 1044 2037 sunt,
1078 2003 1186 2026 sensu
1212 1990 1344 2035 caruit,
1372 1991 1592 2038 grammatici
1618 2003 1720 2025 suum
1746 1988 1833 2025 illud

196 2077 241 2109 34)
261 2079 318 2103 Non
339 2079 483 2103 arbitratus
503 2085 542 2105 est
563 2081 731 2107 flermaunus
751 2083 871 2117 Opuscc.
893 2083 924 2107 T.
946 2083 980 2112 V,
1001 2092 1027 2116 p.
1049 2082 1094 2112 87,
1124 2083 1203 2117 cujus
1218 2082 1356 2116 judicium
1375 2087 1483 2108 secutus
1501 2082 1647 2107 Abrensius
1666 2087 1751 2108 totum
1772 2091 1831 2107 car-

125 2135 186 2151 men
205 2127 353 2160 elegiacum
374 2129 501 2153 cancellis
521 2131 632 2155 seclusit
651 2140 735 2165 eoque
755 2133 827 2157 sacto
848 2133 977 2157 unitatem
999 2132 1091 2165 idyllii
1110 2133 1248 2157 commode
1267 2133 1403 2163 restituit,
1425 2134 1516 2158 eadem
1535 2137 1624 2158 tamen
1645 2142 1725 2168 opera
1744 2133 1831 2157 Theo-

127 2177 223 2201 critum
244 2177 350 2210 egregio
371 2180 488 2204 carmine
508 2181 638 2213 privavit;
659 2182 737 2215 eujus
757 2183 881 2216 equidem
901 2182 998 2207 honori
1016 2182 1167 2216 simplicius
1186 2183 1292 2208 consuli
1311 2192 1389 2217 posse
1409 2188 1485 2217 puto.

198 2225 242 2257 35)
262 2227 388 2252 Androm.
409 2237 433 2253 v.
457 2229 610 2261 ¹03—ttt15
630 2232 666 2256 cf.
689 2232 758 2257 Bach
782 2234 814 2258 de
833 2233 942 2266 lugubri
962 2233 1048 2266 elegia
1067 2241 1141 2266 spec.
1164 2232 1201 2262 11,
1222 2242 1248 2266 p.
1271 2233 1315 2258 20.

200 2275 244 2307 313)
262 2275 405 2302 verissime
425 2279 475 2304 hoe
495 2280 680 2305 Hermannusz
711 2287 842 2316 quantum
861 2283 895 2306 ab
916 2283 966 2307 Ιιοο
985 2282 1068 2306 distat
1087 2291 1192 2307 carmen
1211 2283 1374 2317 elegiacum,
1402 2284 1429 2308 ιή
1450 2292 1502 2317 quo
1524 2283 1594 2308 alter
1613 2287 1704 2316 aperte
1721 2291 1748 2306 se
1766 2291 1831 2315 pue-

130 2333 188 2349 rum
207 2324 350 2358 Milonem,
380 2328 450 2353 alter
467 2330 588 2364 puellum
609 2341 698 2355 amare
716 2332 857 2365 satentur5
889 2332 951 2356 hine
977 2332 1172 2357 evidentissime
1192 2333 1374 2367 intelli-quur,
1402 2332 1504 2357 eosdem
1525 2331 1631 2366 quidem
1651 2332 1715 2356 illos
1732 2341 1830 2366 pueros

129 2382 195 2406 esse,
216 2375 368 2401 ,tlenalcam
388 2383 412 2402 et
432 2378 580 2412 Daphnin,
609 2379 655 2404 sed
678 2390 720 2406 eos
741 2382 848 2411 aliquot
866 2383 944 2406 arauris
965 2381 1113 2406 adultiores
1133 2391 1214 2415 queam
1233 2383 1262 2406 ιἰι
1283 2383 1398 2407 carmine
1416 2382 1578 2406 hexametro.
