1987 2594
972 140 1043 182 19

159 255 262 290 quam
286 240 514 276 abstinentiae
541 241 644 290 signa
670 242 706 276 iu
732 241 920 290 Daphnide
947 242 1187 291 deprehendit.
1247 244 1399 293 Pugnae
1426 247 1690 294 spectaculum,
1712 248 1773 284 ubi
1803 264 1860 286 cu-

157 307 292 354 piditas
321 306 358 340 in.
394 306 546 341 hominis
571 306 689 341 animo
717 319 795 341 enm
821 307 993 356 reliqione
1019 308 1068 342 ad
1092 308 1363 344 internecionem
1390 323 1498 359 usque
1527 310 1762 360 deproelietur
1789 321 1861 350 tra-

161 370 367 419 goediarum
393 369 607 405 amatoribus
630 370 789 419 relinquo
798 386 809 418 3
835 371 1015 419 popularis
1043 372 1235 408 cantilenae
1255 373 1477 421 ingenuitati,
1502 388 1606 423 quam
1628 378 1859 415 Theocritum

160 449 205 471 ne
231 436 454 471 Stesichorea
480 435 620 483 quidem
647 437 899 484 superstitione
924 436 1141 473 deformasse
1167 437 1335 484 vidimus,
1371 438 1458 474 haec
1483 442 1598 487 potius
1626 442 1744 478 fabula
1778 457 1860 480 eon·

160 501 293 546 veniet,
320 507 358 535 ut
379 499 561 547 Daphnis,
589 500 776 549 Nymphae
802 502 1061 537 matrimonium
1087 503 1254 548 meritus,
1291 504 1449 539 castitate
1476 504 1558 540 huic
1589 509 1764 554 promissa
1792 508 1860 544 Ve-

161 578 279 600 nerem
305 564 510 609 offenderit,
549 578 638 613 quae
665 566 731 600 etsi
760 565 970 601 voluntatem
1002 566 1078 615 ejus
1106 567 1271 615 frangere
1306 581 1377 603 non
1407 576 1547 616 posset,
1587 571 1630 606 ad
1667 579 1858 608 extremum

160 635 276 664 tamen
298 629 390 663 veris
418 635 453 664 et
477 628 717 676 praesentibus
745 629 921 666 amoribus
945 631 1077 666 frustra
1110 637 1279 667 tentatum
1311 634 1347 668 iu
1381 634 1515 669 irritam
1552 638 1757 685 peregrinae
1787 651 1860 672 mu-

160 694 256 730 lieris
284 693 484 741 cupidinem
510 694 689 742 injecerit,
717 695 817 744 cujus
840 695 897 731 ille
924 695 1095 732 desiderio
1122 697 1213 732 nivis
1240 698 1353 733 instar
1379 697 1573 735 contabuit.

962 847 1057 900 IV.

660 942 751 984 Be
788 942 1074 985 sententia
1107 943 1359 987 fabulae.

260 1038 314 1074 At
339 1038 374 1073 id
399 1039 515 1087 ipsum
542 1037 629 1087 quid
654 1044 708 1074 est
734 1037 830 1086 quod
852 1039 942 1073 nivis
965 1039 1075 1073 instar
1097 1037 1331 1084 contabuisse,
1358 1038 1412 1074 vel
1438 1046 1477 1075 ut
1503 1041 1647 1089 propius
1676 1043 1779 1077 etiam
1806 1044 1856 1077 in-

159 1103 380 1152 terpretando
403 1102 630 1149 accedamus,
657 1103 854 1152 diffluxisse
879 1103 1041 1151 Daphnis
1069 1102 1244 1138 traditur?
1280 1104 1374 1138 Num
1400 1104 1517 1152 imago
1542 1111 1677 1141 tantum
1703 1108 1857 1154 poetica,

159 1181 248 1218 quae
277 1168 391 1216 frigus
419 1167 494 1216 ejus
520 1167 661 1203 tandem
685 1167 871 1216 aliquando
898 1169 1024 1203 amoris
1050 1168 1144 1204 velut
1170 1169 1253 1217 igne
1281 1169 1432 1217 quodam
1460 1170 1651 1206 emollitum
1678 1172 1715 1206 in
1742 1173 1852 1219 ipsius

159 1234 350 1281 perniciem
376 1234 521 1269 vertisse
547 1232 749 1281 significet?
803 1232 858 1268 Sit
894 1233 963 1279 ita3
1004 1232 1067 1268 sed
1100 1232 1159 1267 uhi
1193 1233 1301 1269 semel
1336 1234 1483 1283 frigoris
1516 1238 1656 1272 nomine
1687 1236 1855 1284 Daphnin

159 1312 238 1334 cum
265 1300 343 1334 nive
371 1299 651 1346 comparaveris,
677 1298 756 1334 vide
783 1311 826 1333 ne
850 1298 958 1333 multo
980 1299 1077 1346 prius
1104 1298 1268 1346 Daphnis
1303 1300 1393 1334 nivis
1428 1301 1546 1348 potius
1578 1303 1759 1350 ipsiusque
1796 1301 1856 1335 fri-

161 1365 256 1413 goris
281 1365 398 1412 imago
422 1364 547 1408 fuerit,
570 1364 677 1412 inque
703 1363 879 1411 poeticam
904 1362 997 1397 illam
1028 1365 1324 1411 comparationem
1348 1364 1440 1400 idem
1465 1365 1585 1411 cadat,
1624 1366 1719 1415 quod
1752 1379 1856 1415 saepe

155 1429 230 1478 jam
256 1430 293 1463 in
320 1429 590 1464 Homericorum
614 1427 758 1464 deorum
784 1427 943 1475 epithetis
972 1427 1212 1477 similibusque
1239 1429 1437 1465 fabularum
1459 1438 1613 1467 veterum
1641 1433 1854 1467 ornamentis

160 1494 383 1530 observatum
410 1500 483 1540 est,
510 1500 547 1529 ut
571 1507 660 1543 quae
684 1493 785 1529 uobis
813 1505 905 1527 nunc
932 1492 1081 1541 figurate
1107 1499 1241 1529 tantum
1267 1494 1337 1529 dici
1360 1494 1563 1540 videantur,
1606 1495 1649 1530 ad
1679 1498 1854 1544 propriam

161 1571 202 1593 ac
229 1559 420 1594 naturalem
447 1558 744 1608 significationem
767 1564 930 1593 revocata
955 1558 1067 1605 ipsam
1092 1559 1245 1594 numinis
1277 1561 1346 1594 vim
1378 1567 1412 1595 et
1449 1560 1602 1596 indolem
1627 1561 1853 1610 symbolicam

161 1625 363 1660 contineant
377 1624 443 1674 49).
498 1623 613 1672 Atqui
638 1624 806 1672 Daphnin
833 1636 972 1671 quoque
999 1623 1150 1658 numinis·
1178 1624 1256 1659 loco
1284 1625 1481 1661 habendum
1500 1639 1576 1661 esse
1602 1626 1694 1662 clare
1710 1626 1854 1662 Servius

161 1688 264 1725 docet
291 1691 452 1725 invocato
479 1690 663 1726 Effer-curio
686 1695 788 1737 patre
815 1690 850 1723 in
868 1689 1003 1724 caelum
1027 1695 1166 1737 raptum
1183 1704 1350 1736 narrans,
1377 1704 1446 1739 quo
1466 1691 1562 1727 facto
1589 1692 1790 1727 Mercurius
1818 1694 1853 1727 in

162 1770 201 1792 eo
227 1757 304 1792 Ioco
328 1759 463 1807 sontem
491 1757 670 1801 elicuerit,
696 1758 758 1805 qui
783 1756 946 1803 Daphnis
972 1762 1133 1801 vocetur,
1174 1758 1271 1803 apud
1304 1769 1403 1805 quem
1438 1758 1623 1805 quotannis
1655 1756 1774 1793 Siculi
1798 1771 1852 1792 sa-

163 1822 338 1871 crificent3
368 1821 460 1857 unde
488 1835 594 1870 quum
621 1834 692 1856 non
716 1822 830 1856 minor
859 1821 968 1868 ipsius
996 1833 1100 1869 quam
1129 1821 1292 1870 conjugis
1320 1829 1443 1857 natura
1467 1822 1613 1858 ssuvialis
1652 1825 1725 1858 sive
1748 1836 1853 1871 aqua-

161 1887 230 1921 tica
265 1893 452 1935 appareat,
502 1885 617 1920 nullus
659 1885 781 1920 dubito
823 1886 908 1934 quin
950 1886 987 1919 in
1028 1886 1142 1933 primo
1176 1899 1317 1934 quoque
1354 1887 1539 1922 Theocriti
1580 1887 1707 1935 Idyllio
1748 1887 1851 1923 verba

162 1966 193 1986 v.
221 1950 312 1986 140.
341 1949 437 1985 ¹141:

439 2014 497 2064 χώ
524 2013 671 2067 Δάφνις
694 2015 772 2060 ἔβα
798 2014 891 2067 ῥόον,
916 2016 1057 2055 ἔκλυσε
1085 2012 1163 2055 <ilva

383 2080 446 2120 τὸν
474 2080 635 2120 Μοίσαις
662 2079 776 2132 φίλον
802 2076 940 2132 ἄνδρα,
961 2080 1024 2119 τᾶν
1051 2079 1090 2120 ου’
1115 2079 1331 2131 Νύμφαισιν
1358 2080 1547 2129 α’πεχθῇ,

164 2158 266 2194 quem
293 2146 399 2194 vulgo
425 2147 510 2181 satis
538 2152 658 2181 coacta
686 2151 719 2181 ct
756 2151 930 2180 structura
959 2152 994 2180 et
1025 2146 1311 2194 interpretatione
1345 2146 1388 2181 ad
1413 2146 1622 2183 descensum
1657 2146 1700 2180 ad
1733 2143 1851 2181 Ache-

235 2294 276 2327 49)
297 2295 340 2319 Cf.
364 2304 431 2328 quae
451 2297 483 2321 de
500 2298 658 2329 cognomine
677 2295 804 2328 (ῗοώπιδος
823 2295 955 2320 Mullerus
975 2293 1078 2317 monuit
1099 2292 1203 2325 proleg.
1234 2301 1258 2316 z.
1281 2293 1351 2316 wiss.
1375 2292 1459 2325 Myth.
1478 2302 1504 2326 p.
1527 2292 1578 2316 203
1591 2310 1597 2319 ,
1627 2292 1690 2315 item
1718 2291 1750 2315 tle
1770 2291 1847 2314 ΙΙιιν-

162 2341 229 2376 adm
250 2344 389 2378 Emperius
410 2346 528 2379 Opuscc.
547 2355 575 2380 p.
599 2346 665 2375 147,
686 2346 859 2379 ejusdemque
880 2343 984 2377 generis
1003 2343 1056 2367 alia
1076 2344 1146 2376 apud
1169 2342 1294 2367 Uschold.
1316 2341 1442 2366 verbane
1469 2342 1498 2366 T.
1521 2341 1556 2369 ll,
1577 2350 1603 2374 p.
1625 2340 1670 2364 114
1692 2348 1750 2373 sqq.
1775 2342 1801 2363 ct
1820 2340 1846 2362 in

163 2394 293 2419 Zeitschr.
316 2395 334 2419 f.
356 2396 383 2419 d.
405 2395 456 2419 Ale.
482 2395 559 2425 1842,
575 2405 599 2429 p.
619 2395 687 2425 302,
709 2395 886 2427 vanarumque
908 2392 1061 2426 Linguistik
1081 2402 1106 2417 u.
1130 2391 1295 2426 Mythologie
1315 2400 1341 2424 p.
1362 2390 1405 2414 78.
