1987 2594
960 123 1029 165 15

139 231 242 267 etiam
270 226 504 264 Doederlinus
536 225 728 271 intellexit,
761 225 930 274 puellam,
956 238 1045 273 quae
1071 239 1134 274 per
1159 226 1276 261 fontes
1304 239 1426 263 omnes
1453 240 1494 262 ae
1520 240 1663 264 nemora
1690 229 1840 277 oberret,

139 294 273 344 ξενέαν
296 292 415 341 Idyllii
441 292 581 339 septimi
607 304 685 326 esse
710 303 782 325 non
815 303 941 338 posse3
978 290 1065 326 haee
1094 292 1185 326 enim
1209 297 1345 326 amatur
1365 305 1384 327 a
1412 292 1619 340 Daphnide,
1655 294 1713 329 illa
1746 295 1840 331 hunc

137 361 255 408 potius
289 370 404 393 amare
438 355 574 391 videtur
600 369 709 404 eaque
743 369 782 390 re
808 356 1026 390 mirationem
1061 356 1146 391 facit
1179 356 1336 404 Priapo,
1367 357 1463 405 quod
1497 357 1555 392 hic
1585 364 1655 393 tam
1687 355 1841 411 δυο-ἔρως

136 431 280 472 tamque
303 419 503 468 α’μάχανος
528 421 587 465 sit,
612 425 651 455 ut
676 426 797 468 parata
825 420 1024 455 conditione
1051 421 1122 455 frui
1147 421 1255 468 nolit,
1281 434 1347 469 ego
1373 434 1455 456 vero
1482 435 1526 457 ne
1549 422 1662 458 Naida
1687 425 1839 473 quidem,

138 502 243 538 quam
268 487 317 522 illi
342 487 637 533 interpretantur,
664 490 784 532 utpote
808 491 950 532 nuptam
979 485 1158 534 Daphnidi
1186 486 1397 534 amplector,
1431 486 1494 521 sed
1520 488 1550 522 si
1575 488 1680 523 modo
1709 497 1838 526 certam

136 552 287 600 puellam
313 550 461 598 intelligi
484 563 571 597 opus
599 556 671 594 est,
699 548 978 597 qualemcunque
1006 550 1106 585 aliam
1133 550 1313 598 praefero,
1347 550 1447 598 cujus
1484 563 1580 586 amor
1606 566 1625 587 a
1652 554 1840 602 Daphnide

138 623 277 665 spretus
303 616 415 663 ipsam
442 615 591 650 Veneris
616 615 651 648 in
677 613 772 648 hunc
799 614 886 648 iram
908 615 1122 650 excitaverit.
1178 615 1360 663 Quicquid
1393 616 1484 650 enim
1508 616 1671 663 Daphnis
1698 619 1840 665 patitur,

137 681 288 717 Veneris
315 681 367 714 ira
393 678 509 727 infligi
534 684 668 714 certum
696 684 770 723 est,
804 679 909 713 irasci
935 685 1049 714 autem
1076 680 1199 716 Venus
1226 680 1296 714 nisi
1324 686 1444 727 spreto
1472 693 1590 715 amore
1616 694 1688 715 non
1713 688 1840 729 potest,

137 758 251 794 neque
273 757 312 780 ea
339 750 393 779 est
418 743 560 788 Venus,
587 755 677 790 quae
703 742 813 777 solam
840 742 944 778 fidem
973 743 1194 792 conjugalem
1222 750 1361 780 tueatur
1373 743 1446 792 43),
1486 745 1515 778 si
1545 744 1633 779 haec
1659 746 1695 779 in
1722 759 1840 782 amore

137 808 336 857 spernendo
370 809 467 844 cerni
503 807 614 854 volet,
649 809 765 855 itaque
799 814 936 855 praeter
972 808 1160 857 conjugem
1193 809 1411 857 Nympham,
1447 822 1536 857 quae
1569 809 1736 857 Daphnin
1772 811 1841 847 Ve-

137 875 230 910 neris
256 874 326 908 vim
354 879 389 908 et
413 871 560 907 Amoris
587 871 769 907 illecebras
797 885 962 919 spernere
985 873 1106 921 jussit,
1134 879 1168 908 et
1193 874 1345 922 speciem
1372 873 1468 908 illam
1490 874 1724 921 peregrinam,
1750 888 1839 923 quae

137 938 285 974 eundem
322 937 404 972 fidei
442 935 539 971 datae
563 937 804 984 minarumque
828 936 1011 985 Nymphae
1037 939 1276 974 immemorem
1301 939 1338 973 in
1363 950 1514 973 amorem
1542 938 1705 986 pellexit,
1738 941 1838 976 tertia

136 1003 252 1052 aliqua
278 1001 393 1050 puella
415 1001 624 1049 requiritur,
653 1014 722 1048 qua
749 1007 865 1048 spreta
888 1002 1070 1050 Daphnis,
1094 1002 1176 1037 dum
1200 1003 1384 1052 Nymphae
1410 1003 1637 1052 obsequitur,
1665 1004 1838 1041 Venerem

136 1069 184 1104 ita
216 1066 379 1111 violavit,
415 1072 453 1101 ut
486 1066 572 1101 haee
606 1066 679 1114 jain
712 1079 799 1101 vano
829 1066 920 1101 illius
946 1068 1077 1114 speciei
1112 1081 1227 1103 amore
1264 1069 1333 1102 vim
1360 1081 1458 1102 suam
1479 1069 1515 1102 in
1541 1068 1635 1103 hunc
1663 1076 1839 1105 exerceret

136 1144 304 1180 eumque,
348 1131 409 1179 qui
442 1131 573 1178 paratis
606 1131 676 1165 frui
703 1130 890 1175 noluisset,
927 1132 1040 1166 inanis
1073 1132 1236 1180 imaginis
1270 1133 1427 1167 cruciatu
1458 1139 1619 1168 torreret.
1684 1132 1838 1169 Omnino

135 1196 260 1232 Naidis
288 1209 351 1244 per
378 1201 492 1231 totum
518 1195 587 1230 hoc
611 1196 761 1244 primum
795 1195 948 1244 Idyllion
971 1197 1160 1244 vestigium
1186 1196 1319 1232 nullum
1341 1197 1570 1246 apparet44);
1600 1198 1699 1246 cujus
1724 1200 1839 1233 matri-

136 1262 303 1306 monium,
330 1266 367 1296 ut
391 1261 552 1308 superius
582 1260 745 1306 diximus,
770 1262 806 1295 in
832 1260 1030 1308 Daphnidis
1058 1261 1203 1296 historia
1231 1275 1308 1297 eam
1336 1268 1469 1297 tantum
1496 1263 1564 1297 vim
1592 1262 1720 1298 habere
1747 1263 1838 1299 vide-

136 1332 206 1371 tur,
232 1331 271 1361 ut
296 1331 474 1361 externam
500 1325 674 1372 quandam
697 1338 838 1360 causam
865 1323 1005 1370 reddat,
1029 1338 1097 1372 qua
1120 1325 1312 1373 singularis
1339 1326 1397 1361 illa
1420 1328 1600 1375 veterique
1625 1327 1838 1374 simplicitati

135 1389 292 1425 inaudita
320 1390 462 1425 castitas
490 1390 683 1438 explicetur
693 1406 704 1438 3
733 1391 769 1424 in
802 1390 869 1425 hae
896 1403 1031 1425 summa
1064 1390 1202 1426 fabulae
1236 1397 1396 1426 versatur
1411 1391 1483 1440 45),
1517 1392 1608 1427 hanc
1636 1392 1756 1427 Venus
1789 1393 1838 1427 ul-

138 1457 302 1500 ciscitur,
328 1468 401 1490 non
425 1461 541 1491 autem
567 1457 614 1491 ita
641 1456 842 1500 ulciscitur,
870 1462 908 1490 ut
934 1455 1021 1490 alius
1048 1456 1182 1503 puellae
1219 1456 1392 1492 desiderio
1428 1463 1568 1505 captum
1595 1471 1638 1493 ne
1675 1457 1837 1507 conjugis

139 1589 173 1612 ad
192 1588 308 1613 Xeneam
328 1591 416 1613 tamen
438 1591 464 1612 et
482 1588 534 1622 ipsi
553 1588 652 1612 reversi
670 1588 696 1611 in
717 1596 748 1612 eo
768 1591 871 1612 tantum
891 1588 1061 1621 discrepant,
1083 1592 1112 1612 ut
1123 1593 1178 1631 ,aut
1195 1589 1295 1622 regiam
1310 1589 1428 1623 puellum
1452 1589 1611 1619 Stesichori,
1631 1592 1661 1614 ut
1673 1598 1732 1614 cum
1745 1590 1836 1615 Schol.

143 1639 162 1662 l.
183 1637 216 1662 85
238 1638 398 1662 Rlausenius
417 1647 445 1671 p.
466 1638 528 1667 518,
549 1647 608 1663 cum
629 1638 677 1662 bec
697 1638 876 1667 confundant,
897 1641 943 1662 aut
962 1641 991 1662 ut
1005 1637 1150 1663 Ahrensius
1169 1640 1196 1663 in
1218 1639 1387 1664 Schneidew.
1409 1640 1506 1665 l'hilol.
1521 1639 1552 1663 T.
1568 1639 1631 1667 Vll,
1652 1648 1678 1672 p.
1693 1639 1755 1668 414,
1775 1641 1838 1673 quia

138 1687 254 1712 Xeneam
275 1687 394 1720 Daphnis
410 1688 526 1716 amavit,
546 1687 590 1712 hic
610 1696 714 1721 quoque
734 1690 828 1712 contra
847 1687 988 1711 manifesta
1014 1691 1108 1721 poi-tae
1129 1688 1208 1713 ven-ba
1235 1697 1288 1713 non
1319 1689 1436 1722 puellam
1456 1689 1526 1713 hunc
1547 1689 1593 1712 sed
1613 1689 1699 1722 ipsum
1719 1689 1836 1722 puellam

138 1745 264 1770 ‹lunerere
284 1737 445 1761 existiment.

209 1787 253 1818 43)
275 1787 314 1812 lta
335 1787 405 1811 enim
424 1786 582 1811 'Welekerus
602 1795 629 1820 p.
651 1786 712 1814 195,
732 1795 883 1820 quanquam
903 1787 1052 1812 vacillando
1072 1787 1129 1820 ipse
1150 1788 1298 1812 sententiae
1324 1797 1387 1813 suae
1407 1788 1596 1813 difficultatem
1618 1789 1750 1822 prodens:
1780 1790 1835 1814 sein

143 1836 280 1872 Ver-ychen
299 1846 385 1871 yeyett
403 1836 558 1871 Aphrodite
577 1845 646 1860 muss
673 1836 753 1861 daria
774 1836 919 1861 bestamlen
939 1836 1042 1864 haben,
1073 1837 1134 1861 dass
1159 1846 1185 1861 er
1212 1837 1343 1862 eritweder
1369 1847 1421 1862 von
1448 1838 1494 1862 der
1515 1838 1641 1872 Nymplae
1660 1839 1716 1863 sicli.
1738 1839 1836 1868 losriss,

140 1886 240 1911 welche
258 1888 418 1921 iveni-quens
438 1886 507 1910 aucli-
535 1885 662 1910 Theokrie
689 1896 731 1911 am
757 1886 883 1911 Sclzlusse
909 1886 955 1910 der
974 1886 1069 1911 acltlen
1088 1886 1181 1919 Idylle
1207 1887 1261 1912 ihm
1287 1889 1315 1912 ίη
1342 1888 1387 1913 der
1412 1893 1497 1913 ersten
1515 1888 1631 1922 Juqeml
1657 1897 1715 1913 zum
1737 1889 1836 1913 'Veibe

140 1936 218 1969 nihl,
237 1936 293 1960 und
311 1936 404 1969 fortan
423 1937 519 1959 scinem
540 1936 648 1970 eiqenen
666 1935 771 1960 Herzcn
789 1936 884 1970 folqen
903 1936 1010 1967 wollte,
1037 1935 1099 1960 oder
1119 1935 1180 1960 dass
1199 1946 1241 1965 er,
1269 1946 1324 1961 ιυας
1343 1937 1392 1962 das
1412 1937 1698 1962 ll’ahrscheinliclzere
1724 1938 1774 1966 ist,
1807 1940 1834 1961 ιἰι

139 1986 223 2010 dieser
241 1986 381 2020 Dichtunq
400 1995 452 2010 von.
471 1985 586 2020 Ausim-t]
607 1996 642 2010 an
662 1984 872 2019 uncmpfi'ndliclz
894 1995 978 2020 ‘qe-qen.
998 1985 1040 2010 dic
1066 1986 1134 2010 Nais
1157 1996 1293 2021 Helenen,
1318 1997 1394 2012 weun
1420 1998 1446 2012 et·
1465 1988 1535 2012 anch
1561 1988 1617 2011 eine
1637 1987 1765 2022 Zeillanq
1785 1997 1835 2012 von

139 2035 182 2058 ilu-
199 2035 326 2069 qehallen
343 2035 451 2063 wurde3
480 2033 537 2059 und
562 2035 590 2058 ιἰι
614 2034 708 2059 beiden
735 2034 834 2058 Fiillen
862 2034 923 2058 dass
947 2043 973 2058 er
999 2035 1137 2059 nael-mals
1165 2041 1253 2071 tuaqtc
1273 2038 1348 2062 ihren
1369 2038 1532 2073 Lockunycn
1552 2037 1602 2062 deu
1621 2037 1834 2071 standhafleslcn

145 2083 223 2108 Trotz
243 2089 501 2118 entheqenzusetzen.

212 2134 256 2163 44)
276 2134 413 2158 Hactenus
433 2138 505 2159 recte
525 2135 563 2158 vel
585 2134 734 2160 Scholiasta
755 2134 788 2158 ad
812 2134 832 2158 1-
855 2133 903 2157 ⁴362
925 2131 964 2157 ‘n'n
982 2136 1043 2165 γοῦν
1062 2135 1160 2169 νύμφης
1180 2134 1257 2168 istm&
1277 2136 1387 2166 Δάφνις,
1415 2135 1429 2169 ἡ
1449 2138 1476 2162 ἀὲ
1496 2137 1580 2170 νύμφη
1600 2136 1768 2170 ἀπεστρέφετο
1788 2136 1835 2161 m?-

140 2182 184 2207 n'v
203 2183 247 2207 dui
267 2183 313 2216 τήν
332 2182 394 2216 rip-ic
415 2185 501 2215 ἑτέρης
520 2191 641 2215 γυναῖκας
661 2182 774 2216 timum,
794 2186 932 2208 ulvioonm
952 2182 991 2208 ἶῖῖι
1009 2183 1066 2209 mid&
1085 2186 1111 2208 ui
1132 2187 1216 2210 λοιπαὶ
1232 2188 1255 2210 ἐν
1276 2189 1379 2220 §wullaf
1399 2184 1474 2220 ἦσαν,
1495 2185 1535 2212 ‘tiu
1556 2185 1567 2211 «i
1588 2187 1682 2216 Δάφνις
1702 2187 1834 2220 {vultuum

140 2234 177 2257 cf.
199 2233 325 2257 Blausen.
348 2234 365 2257 l.
384 2243 425 2258 c.:
448 2233 490 2258 die
508 2234 633 2267 Nymphe
653 2235 699 2258 hat
718 2234 774 2259 sich
793 2234 862 2258 nach
881 2236 977 2258 seinem
1002 2234 1157 2259 Trenbruch
1177 2245 1228 2260 υοη
1247 2236 1301 2260 ihm
1320 2236 1492 2271 aquvandt‚
1514 2236 1561 2261 hat
1577 2238 1624 2261 mit
1640 2237 1713 2261 allen
1728 2237 1833 2263 Schwe-

139 2287 211 2307 stern
230 2282 273 2307 die
292 2283 365 2307 Insel
383 2284 515 2308 uerlassen
536 2289 586 2309 etc.

212 2332 255 2361 45)
275 2331 333 2355 Hoc
353 2340 458 2365 quoque
479 2334 613 2357 verissime
635 2334 700 2357 vidit
721 2333 879 2357 lilausenius
898 2342 925 2366 p.
951 2333 999 2356 525
1019 2341 1078 2366 sqq.
1091 2352 1098 2362 ‚
1120 2335 1199 2357 modo
1220 2343 1252 2358 ne
1272 2339 1376 2359 nostros
1397 2344 1482 2360 mores
1502 2339 1608 2360 secutus
1627 2337 1832 2369 triumphantem

140 2380 221 2414 hujus
241 2381 372 2405 castitatis
394 2383 581 2408 confidentium
603 2384 804 2417 descripsisset,
832 2383 910 2416 cujus
930 2392 1015 2416 poena
1034 2384 1122 2416 potius
1148 2384 1273 2409 carminis
1294 2389 1476 2418 argumentum
1497 2389 1547 2410 est.

1457 2434 1478 2445 Π
1494 2434 1504 2444 Ω

1454 2446 1479 2469 ι)
