1987 2594
996 174 1034 213 4

166 294 269 330 quum
296 280 332 312 in
359 277 466 312 nobili
495 278 645 312 carmine
671 273 783 314 Ἰλίου
810 270 952 324 *nequltia
975 274 1136 309 Helenae
1164 274 1372 310 adulterium
1400 289 1443 310 ex
1460 277 1639 324 epicorum
1659 281 1865 315 auctoritate

162 348 356 385 narrasset,
383 354 464 376 mox
487 343 582 388 ipse,
610 347 646 375 ut
671 341 793 385 fertur,
822 341 989 375 caecitate
1017 345 1199 386 correptus
1227 340 1448 376 Palinodiam
1475 343 1615 387 cecinit,
1642 356 1710 390 qua
1737 346 1863 380 veteris

162 409 297 444 fabulae
322 406 579 454 simplicitatem
607 406 650 440 ad
678 404 959 439 artificiosissimi
986 404 1176 438 commenti
1202 404 1410 439 miraculum
1426 404 1571 441 detorsit
1592 416 1800 457 omnemque
1817 408 1864 443 la-

161 473 273 522 pidem
299 473 426 516 movit,
461 484 504 506 ne
530 470 688 515 Helena,
725 482 827 517 quam
856 469 956 504 deam
985 481 1062 503 esse
1091 480 1170 502 011111
1194 469 1346 504 maximo
1370 481 1434 504 suo
1461 470 1588 506 damno
1625 475 1865 519 cognovisset,

159 538 229 573 ullo
254 536 356 571 modo
383 547 549 583 peccasse
574 534 829 583 videret1u·14);
855 535 961 582 quisi
983 533 1026 568 de
1051 533 1242 581 Daphnide
1269 535 1500 582 quoquehoc
1516 542 1648 571 tantum
1671 537 1865 586 1311131110-

161 601 268 636 ditum
293 602 493 645 invenerat,
525 599 804 644 adolescentem,
840 599 896 633 cui
922 595 1107 646 Nymphae
1141 598 1399 634 matrimonium
1426 600 1621 636 castitatem
1646 601 1862 650 injungeret,

165 666 262 702 fatali
289 678 407 700 amore
434 666 599 713 periisse,
625 663 727 699 facile
752 677 793 699 eo
821 662 936 698 delabi
962 668 1123 709 poterat,
1144 668 1187 697 ut
1212 662 1306 698 hunc
1333 677 1489 700 amorem
1515 677 1586 699 non
1613 665 1780 701 divinitus
1802 667 1865 701 im-

162 732 306 766 missum
334 730 396 765 sed
418 730 567 764 humana
594 729 694 776 culpa
722 728 945 763 conciliatum
970 732 1138 762 statueret
1164 740 1277 775 eoque
1305 729 1453 764 consilio
1488 731 1609 764 nescio
1643 743 1745 779 quam
1770 731 1865 779 puel-

161 796 229 830 lam
256 794 540 829 innominabilem
578 794 806 837 immisceret,
845 806 934 841 quae
969 805 1107 827 omnem
1142 794 1335 828 tristissimi
1366 794 1464 829 exitii
1495 794 1660 830 invidiam
1691 797 1728 830 in
1753 797 1863 844 ipsius

161 858 361 907 Daphnidis
383 865 487 906 caput
511 858 728 893 transferret.
781 858 894 892 Immo
923 858 953 892 si
977 856 1061 905 quid
1083 856 1250 892 hariolari
1276 857 1358 894 licet
1382 859 1419 893 in
1446 872 1484 894 re
1511 861 1677 908 ancipiti,
1713 872 1779 896 nec
1804 861 1864 896 bu—

162 924 274 959 colico
302 924 468 969 carmine,
495 929 532 957 ut
560 922 725 967 Rleinio,
755 935 820 957 nec
847 922 1037 967 amatorio,
1062 928 1101 956 ut
1123 921 1319 957 W'elckero
1344 923 1486 970 placuit,
1514 924 1576 959 sed
1603 925 1639 958 in
1668 925 1743 972 ipsa
1771 925 1865 960 Pali-

163 989 268 1024 nodia
295 987 523 1024 Stesichorus
552 988 642 1022 hanc
671 987 870 1035 Daphnidis
898 986 1053 1022 fabulam
1081 993 1310 1032 tractaverat,
1343 987 1403 1022 ubi
1438 1001 1544 1036 quum
1571 1002 1608 1024 se
1632 990 1802 1024 incertum
1828 1003 1864 1025 re

158 1066 240 1089 vera
263 1066 307 1088 an
327 1066 389 1100 per
405 1053 552 1101 figuram
570 1053 680 1087 oculis
705 1054 875 1100 privatum
899 1066 977 1088 esse
995 1051 1224 1100 jactaret15),
1253 1064 1403 1100 pronum
1426 1059 1500 1088 erat
1517 1053 1664 1089 aliorum
1681 1059 1865 1102 poetarum

162 1120 319 1167 exempla
346 1133 567 1167 comparare,
596 1121 655 1168 qui
683 1118 827 1154 eandem
855 1131 1004 1166 poenam
1033 1118 1340 1163 commeruissem,
1380 1117 1487 1166 idque
1517 1119 1631 1166 ipsum
1660 1126 1865 1168 argumento

162 1198 240 1219 esse
265 1183 471 1219 crediderim
487 1210 497 1229 ,
521 1185 705 1219 Timaeum
732 1197 873 1232 quoque
901 1183 1086 1218 Parthenii
1115 1196 1158 1218 ex
1182 1182 1389 1217 Stesichoro
1416 1183 1587 1228 hausisse,
1615 1184 1697 1232 quia
1718 1184 1753 1218 is
1773 1184 1867 1219 Tha-

162 1263 297 1297 myram
321 1262 398 1284 cum
425 1250 612 1297 Daphnide
639 1250 831 1296 commisit,
870 1250 943 1283 sive
970 1249 1120 1283 maxime
1152 1247 1327 1296 peculiare
1362 1247 1405 1282 de
1428 1247 1616 1296 Daphnide
1642 1248 1699 1283 ille
1726 1261 1867 1285 carmen

169 1313 350 1358 condidit,
373 1313 495 1349 codem
520 1321 612 1349 certe
639 1328 767 1360 sensu,
795 1327 865 1362 quo
893 1314 995 1349 ctiam
1023 1312 1202 1348 Pindarus
1230 1314 1372 1347 numina
1398 1313 1440 1348 311
1474 1313 1704 1349 humanarum
1731 1321 1866 1362 pertur-

164 1378 345 1413 bationum
373 1379 548 1413 consortio
575 1379 745 1414 immunes
771 1385 949 1427 praestare
966 1378 1017 1424 16)
1045 1384 1203 1424 conatur,
1225 1377 1345 1412 induci
1367 1384 1515 1426 poterat,
1535 1385 1574 1413 ut
1596 1378 1868 1425 adolescentem,

166 1456 269 1490 quem
296 1442 451 1491 vulgaris
480 1442 596 1477 fabula
623 1443 795 1479 desiderio
822 1450 959 1479 tantum
987 1443 1164 1491 inexpleto
1192 1442 1336 1478 deorum
1363 1444 1448 1477 iram
1476 1449 1657 1491 expertum
1684 1456 1762 1479 esse
1788 1457 1868 1479 nos-

165 1514 231 1552 set,
262 1508 401 1556 expleto
425 1509 542 1555 potius
568 1508 717 1544 debitam
744 1509 934 1545 vindictam
962 1510 1200 1544 incucurrisse
1226 1508 1389 1556 fingeret.
1445 1507 1500 1543 Ne
1519 1509 1611 1543 enim
1627 1509 1739 1556 ipsam
1765 1509 1866 1556 cujus

165 1585 280 1607 amore
315 1573 483 1621 Daphnin
519 1575 663 1621 periisse
697 1574 909 1609 Theocritus
945 1574 1060 1609 innuit
1097 1571 1229 1622 ξει-έαν
1264 1572 1307 1607 ad
1346 1572 1496 1620 puellam
1531 1572 1623 1607 illam
1657 1574 1789 1621 regiam
1817 1587 1869 1609 re-

165 1636 318 1671 feramus
342 1637 413 1685 l7),
440 1638 515 1685 ipse
541 1639 747 1685 posterioris
774 1637 913 1674 fabulae
940 1645 1042 1674 tenor
1070 1638 1251 1686 prohibet,
1287 1651 1356 1686 qua
1392 1638 1479 1673 haec
1506 1637 1602 1672 illum
1626 1639 1743 1686 potius
1769 1651 1870 1686 expe-

161 1702 260 1737 tiisse
287 1701 474 1750 fallacique
501 1702 639 1737 demum
668 1702 835 1738 ebrietate
863 1702 907 1738 ad
934 1703 988 1738 sui
1017 1702 1217 1751 cupidinem
1243 1703 1440 1738 concitasse
1455 1702 1620 1749 traditur,
1648 1715 1737 1751 quae
1762 1716 1869 1751 quum

165 1766 213 1799 ita
240 1767 322 1810 sint,
345 1779 390 1800 ne
417 1767 447 1800 si
475 1768 654 1815 proprium
680 1768 821 1816 quidem
848 1781 977 1803 nomen
1004 1769 1040 1802 in
1063 1765 1194 1816 ξενέας
1220 1765 1392 1802 vocabulo
1419 1766 1553 1812 lateret,
1580 1765 1623 1800 ad
1647 1766 1870 1802 113110113115-

164 1829 249 1864 ferri
276 1837 416 1877 posset,
453 1831 578 1866 nedum
606 1833 835 1880 appellative,
873 1846 942 1881 qua
970 1833 1003 1866 vi
1031 1833 1215 1880 peregrina
1243 1831 1300 1865 illa
1327 1831 1450 1867 mulier
1477 1830 1638 1866 omnibus
1663 1833 1779 1879 potius
1807 1845 1869 1880 po-

165 1894 344 1942 pularibus
371 1894 495 1942 puellis
523 1898 722 1944 opponitur.
774 1896 896 1945 Atque
922 1897 1013 1932 113110
1041 1897 1212 1932 rationem
1237 1896 1340 1931 unice
1368 1909 1482 1932 veram
1501 1908 1578 1931 esse
1599 1895 1674 1944 jam
1699 1903 1780 1932 ante
1806 1897 1869 1932 hos

168 1964 248 1992 octo
276 1971 386 1992 annos
409 1960 571 1994 contendi
596 1968 628 1995 et
655 1974 747 1996 nunc
775 1962 922 1997 firmiter
944 1964 1098 2006 retineo,
1137 1974 1335 2009 quanquam
1364 1962 1455 1996 inter
1481 1961 1691 1995 novissimos
1717 1960 1870 1996 editores

165 2021 261 2057 solus
289 2022 597 2059 Wordsworthius
625 2026 870 2073 appellativum
898 2033 1013 2061 tuetur
1029 2027 1101 2076 l3),
1139 2026 1264 2074 reliqui
1291 2026 1325 2060 in
1352 2025 1545 2074 majuscula
1572 2025 1672 2060 litera
1698 2026 1872 2061 consenti-

241 2163 282 2193 14)
303 2163 345 2188 Cf.
367 2163 431 2187 Geel
451 2164 478 2187 in
500 2163 633 2188 welch-eri
657 2164 726 2189 Mus.
747 2165 868 2189 Rhenan.
896 2166 974 2195 ¹838,
995 2166 1027 2190 Τ.
1049 2166 1098 2195 Vl,
1119 2175 1146 2199 p.
1170 2165 1252 2199 lsqq.
1291 2165 1447 2198 Bakhuysen
1469 2174 1517 2189 vnn
1541 2165 1622 2190 Brink
1641 2166 1668 2190 ἰιι
1685 2165 1804 2198 Symbol.
1826 2165 1868 2189 lit.

169 2213 276 2237 Amstel.
301 2212 377 2240 1843,
395 2213 425 2237 T.
446 2213 480 2241 V,
502 2223 526 2247 p.
549 2213 595 2237 119
617 2223 673 2247 sqq.
712 2215 779 2239 Hoss'
795 2217 828 2240 de
847 2216 939 2248 mytho
961 2217 1080 2241 Helenae
1102 2216 1197 2249 Eurip.
1218 2216 1249 2240 L.
1270 2215 1300 2239 Β.
1325 2213 1402 2238 1843.
1421 2216 1448 2243 δ’,
1469 2224 1495 2248 p.
1517 2214 1546 2238 1ss
1567 2223 1626 2248 sqq.

244 2262 285 2292 ¹5)
308 2263 374 2286 l‘lat.
398 2263 508 2287 Phaedr.
530 2272 557 2296 p.
578 2263 645 2291 2433
666 2264 701 2288 cf.
725 2265 859 2289 lucinium
880 2275 907 2299 p.
928 2266 972 2290 96.

243 2311 286 2340 16)
306 2311 348 2335 Cf.
370 2312 481 2345 Bippart
501 2313 630 2345 Theolog.
655 2314 760 2338 Pir-dar.
780 2324 804 2347 p.
827 2314 853 2338 11
878 2323 936 2347 sqq.

243 2358 285 2390 17)
306 2360 340 2384 Ut
360 2361 503 2385 Rlnusenio
523 2362 644 2390 videtur,
664 2364 764 2386 Aeneas
784 2373 809 2387 u.
831 2364 857 2387 d.
881 2364 997 2387 penaten
1017 2373 1044 2397 p.
1067 2364 1127 2388 528.

243 2408 285 2439 18)
305 2408 358 2433 -Ut
377 2410 455 2437 κει-εὸς
478 2410 525 2434 tu.
547 2410 591 2439 20,
613 2410 668 2435 XV.
690 2411 741 2440 95,
763 2412 832 2436 xw.
858 2411 903 2440 10,
926 2412 1036 2437 xxvu.
1060 2415 1073 2437 4
1092 2421 1141 2447 pro
1161 2411 1244 2444 κενός,
1265 2412 1301 2436 ita
1317 2413 1397 2439 ξινὲας
1416 2420 1464 2445 pro
1483 2413 1551 2444 ξὲνης
1570 2411 1724 2435 adhibuerit
1745 2409 1871 2434 Theocri-
