1987 2594
135 260 233 290 ronta
257 250 413 286 referunt
433 246 502 295 5⁰),
528 245 595 280 hoc
616 244 730 291 ipsum
753 237 954 288 Daphnidis
981 237 1190 286 profluvium
1217 243 1390 285 spectant,
1415 250 1485 286 quo
1507 237 1599 271 nivis
1623 235 1668 271 ad
1685 235 1828 272 modum

138 315 323 353 dissolutus
359 309 559 347 decedendo
594 307 694 356 quasi
737 306 870 341 fontem
904 304 1060 339 effecerit
1093 303 1203 351 inque
1245 301 1357 337 undas
1391 300 1516 354 abierit
1534 300 1601 350 51).
1665 300 1739 336 Sed
1770 301 1829 336 hic

138 382 215 416 finis
237 384 370 414 tantum
395 376 486 409 vitae
513 378 586 418 est,
611 373 648 406 in
675 382 745 419 quo
773 368 923 405 Veneris
949 368 983 402 vi
1009 368 1120 402 victus
1148 367 1224 414 ipse
1252 368 1353 415 quasi
1377 380 1396 401 a
1425 379 1464 402 se
1484 366 1632 402 descivit
1653 372 1829 401 naturam-

139 458 203 495 que
238 442 400 488 mutavit3
438 445 622 487 antequam
650 436 878 483 liquesceret,
918 432 978 467 diu
1010 431 1184 481 frig-ebat,
1221 431 1280 466 diu
1314 444 1352 467 se
1380 430 1582 467 continebat
1607 430 1829 479 Venerisque

139 511 236 557 ignes
263 505 385 554 procul
419 517 439 539 a
475 515 513 538 se
547 499 706 547 arcebat3
741 511 856 534 nonne
882 498 969 533 haec
995 497 1179 532 manifesta
1202 497 1313 542 nivis,
1347 495 1492 544 glaciei,
1527 495 1680 544 denique
1705 495 1828 530 hiemis

138 574 252 619 imago
280 576 350 614 est,
388 581 477 617 quae
501 578 579 601 sero
607 565 744 600 demum
780 570 814 598 et
841 562 934 597 velut
970 563 1078 597 invita
1113 573 1221 596 verno
1258 562 1407 609 tempori
1435 560 1549 605 cedit,
1589 559 1684 608 quod
1714 560 1829 607 ipsum

139 634 229 683 apud
255 634 449 681 Hesperias
476 636 569 666 certe
597 635 719 677 gentes
743 628 918 663 Venerem
945 633 1128 675 patronam
1155 638 1196 660 ac
1225 626 1438 674 genetricem
1473 624 1638 660 habuisse
1652 624 1703 674 ⁵2)
1740 626 1831 660 inter

139 712 258 735 omnes
284 698 444 734 constat?
494 697 577 730 Hoc
603 695 732 742 igitur,
759 693 916 740 quamvis
940 691 984 726 ab
1021 692 1115 726 omni
1141 689 1355 739 symbolicae
1390 690 1592 739 mythorum
1627 690 1830 737 interpreta-

137 766 240 801 tionis
264 764 456 799 temeritate
489 760 692 807 longissime
725 764 899 802 remotus,
930 770 994 805 pro
1030 757 1208 805 explorato
1246 757 1423 792 affirmare
1455 756 1587 801 audeo,
1627 756 1829 804 Daphnidis

139 830 256 866 fabula
282 828 465 864 hibernum
501 838 606 873 quum
640 823 748 858 totius
784 831 898 857 terrae
929 828 1000 856 tum
1039 822 1209 869 imprimis
1244 834 1412 869 aquarum
1444 828 1620 869 torporem
1657 821 1830 863 deseribi;

139 908 241 944 quem
281 907 324 928 ne
362 893 438 940 quis
474 889 515 924 ab
557 889 692 923 illarum
728 889 910 936 regionum
951 886 1022 921 situ
1058 886 1207 921 alienum
1242 886 1388 930 habeat,
1424 898 1647 934 comparasse
1683 886 1830 930 suffieit,

138 972 226 1008 quae
252 958 397 994 Horatii
420 957 622 1002 interpretes
651 951 695 987 ad
723 952 841 987 Carm.
870 953 899 987 I.
923 951 959 987 9.
984 951 1011 987 5
1030 951 1237 998 attulerunt,
1273 952 1332 988 ubi
1367 954 1460 988 sicut
1485 952 1596 988 silvae
1631 953 1832 988 laborantes

141 1025 197 1058 vix
225 1023 319 1057 altae
343 1022 431 1055 nivis
461 1032 547 1054 οηηε
571 1018 742 1052 sustinere
778 1016 963 1062 dicuntur,
1002 1018 1048 1052 ita
1089 1016 1292 1053 tabescente
1321 1017 1512 1066 Daphnide
1553 1030 1705 1066 quercus
1737 1017 1831 1065 apud

142 1088 369 1123 Theocritum
391 1085 585 1127 lacrimam,
608 1082 674 1117 hoc
702 1088 756 1116 est
782 1081 990 1130 liquefactae
1017 1083 1108 1117 nivis
1135 1082 1245 1118 stillas
1272 1082 1479 1130 demittunt,
1507 1082 1699 1131 eodemque
1719 1095 1833 1118 exem-

141 1153 199 1201 plo
227 1151 310 1186 alias
332 1148 487 1197 singulas
514 1147 609 1182 illius
633 1146 770 1182 fabulae
803 1153 920 1194 partes
949 1146 993 1181 ad
1024 1146 1217 1183 naturalem
1256 1147 1553 1196 significationem
1587 1159 1753 1183 revocare
1780 1147 1829 1182 fa-

138 1218 197 1252 cili
223 1215 364 1264 negotio
391 1212 518 1248 licebit.
571 1211 633 1247 Sic
661 1210 755 1259 quod
774 1211 849 1259 jam
877 1212 1038 1259 superius
1066 1214 1297 1261 cognovimus
1323 1212 1538 1248 Eehenaidis
1579 1225 1726 1258 nomen,
1762 1226 1832 1261 quo

142 1283 309 1317 Timaeus
345 1278 436 1327 apud
465 1277 695 1312 Parthenium
738 1276 938 1324 Daphnidis
974 1290 1119 1312 uxorem
1155 1277 1326 1325 appellat,
1362 1277 1511 1325 proclivi
1544 1277 1833 1324 interpretatione

143 1360 217 1383 eam
243 1350 486 1392 tempestatem
513 1342 687 1387 declarat,
715 1354 783 1390 qua
810 1354 915 1376 naves
942 1341 979 1375 in
1003 1340 1212 1376 stationibus
1240 1344 1314 1377 suis
1338 1343 1533 1377 retinentur
1555 1341 1625 1390 53);
1652 1348 1761 1390 utque
1789 1341 1832 1377 de

145 1413 309 1448 caecitate
335 1416 489 1453 taceam,
515 1421 619 1456 quam
646 1405 836 1442 secundum
863 1419 922 1452 ea,
954 1420 1041 1456 quae
1068 1407 1229 1454 superius
1264 1405 1415 1442 disserui
1450 1406 1602 1442 fortasse
1635 1412 1834 1455 praeposte-

142 1491 218 1512 rum
244 1476 348 1511 fuerit
375 1486 453 1508 cum
481 1472 626 1507 aliarum
654 1471 849 1507 fabularum
872 1472 1039 1520 exemplis
1071 1471 1115 1507 ad
1142 1471 1335 1507 naturalem
1371 1472 1550 1507 interitum
1593 1472 1755 1508 retulisse
1769 1471 1833 1521 54),

143 1541 227 1576 illud
253 1546 368 1584 certe,
408 1537 503 1587 quod
532 1538 715 1573 Theocriti
744 1537 942 1572 Scholiasta
968 1536 1111 1572 tradidit
1137 1536 1306 1585 Daphnin
1334 1544 1558 1572 occaecatum
1586 1536 1629 1572 de
1666 1549 1752 1585 rupe
1777 1549 1832 1572 ce-

146 1606 273 1641 cidisse
300 1604 446 1639 torrenti
473 1616 581 1638 verno
608 1603 731 1638 solutis
760 1602 897 1642 nivibus
925 1601 1068 1651 turgido
1096 1602 1282 1650 insigniter
1309 1602 1470 1637 convenit
1479 1616 1489 1648 3
1516 1600 1607 1655 idem
1629 1614 1713 1637 vero
1738 1608 1834 1650 post-

145 1684 248 1720 quam
272 1669 438 1716 dessuxit‚
463 1668 538 1715 ipsa
565 1681 669 1715 rupes
697 1668 791 1704 velut
816 1670 938 1704 mutati
965 1667 1166 1716 Daphnidis
1188 1667 1376 1716 imaginem
1409 1666 1577 1716 praebere
1599 1674 1758 1715 poterat,
1795 1673 1833 1702 ut

218 1788 260 1819 50)
279 1786 370 1812 Sehol.
392 1786 469 1818 {dy-ll.
494 1786 513 1809 l.
540 1785 605 1809 139¹
627 1788 667 1810 κιιῖ
687 1783 698 1809 ἆ
719 1787 816 1816 Adane
835 1788 908 1820 διέβη
930 1786 971 1811 τόν
991 1787 1050 1821 ῥοῖν
1072 1788 1117 1811 τοῦ
1135 1785 1287 1820 Ἀχέροντος·
1306 1784 1425 1818 δηλονότι
1444 1800 1478 1804 —-
1497 1786 1597 1810 laisan
1617 1785 1693 1818 ι’)’γονν
1711 1785 1833 1815 ἐκάλυψεν

147 1836 161 1869 ἦ
182 1839 237 1869 dms
258 1838 387 1861 τουτέστιν
406 1833 422 1868 ἦ
440 1833 566 1868 συστροφῇ
587 1838 638 1859 τοῖν
658 1836 786 1869 §ti-mium
806 1838 852 1860 τοῦ
870 1835 1021 1869 Ἀχέροντος
1040 1836 1083 1862 τᾶν
1111 1835 1194 1870 ι’ἱνδρα
1214 1848 1235 1862 κ.
1257 1847 1279 1861 τ.
1299 1837 1320 1861 λ.
1367 1836 1528 1870 Compar-ant
1555 1836 1634 1860 Ovid.
1664 1838 1752 1860 Amor.
1782 1835 1832 1860 ΙΙΙ.

147 1888 173 1912 9.
193 1887 238 1910 27:
261 1887 330 1910 huuc
350 1894 455 1919 quoque
474 1894 573 1910 summa
591 1885 647 1910 dies
674 1887 751 1920 nisyro
773 1887 915 1912 submersit
934 1889 1052 1916 Averno,-
1082 1891 1109 1912 nt
1129 1888 1186 1912 illic
1207 1888 1333 1912 :inertius
1362 1887 1462 1911 Orcum
1484 1887 1605 1911 universe
1631 1886 1784 1918 significat,
1805 1891 1834 1911 ut

148 1940 272 1961 Avernae
290 1935 376 1959 valles
397 1934 503 1959 Metam.
526 1935 555 1958 Χ.
579 1936 619 1959 5l.

219 1986 260 2016 51)
279 1982 347 2009 Ῥίων
365 1987 457 2014 βαίνειν
476 1993 628 2017 comparare
648 1984 741 2009 licebit
767 1994 824 2009 cum
849 1986 1008 2011 Plutarchco
1030 1989 1124 2020 τρέχειν
1148 1986 1191 2011 τᾶν
1213 1984 1328 2018 ἡμίονον,
1355 1986 1404 2011 hoc
1433 1989 1472 2011 est
1499 1985 1629 2010 currendo
1655 1986 1756 2010 ,naulum
1777 1986 1832 2009 imi-

152 2037 220 2063 tari,
241 2035 306 2058 muli
326 2036 411 2058 instar
431 2043 549 2062 currere,
576 2036 648 2068 Sept.
670 2035 783 2068 sapient.
806 2044 881 2061 conv.
901 2036 982 2069 p.t50
1004 2037 1035 2065 B,
1057 2036 1101 2060 ubi
1123 2036 1199 2069 plura
1220 2035 1440 2068 wyttenbachius
1460 2044 1473 2060 e
1494 2036 1603 2064 latiuis;
1624 2036 1692 2060 adde
1711 2034 1832 2059 Baccha-

150 2084 226 2107 nalia
247 2084 332 2108 vivere
351 2083 412 2109 Juv.
435 2083 468 2109 ll.
490 2082 503 2106 3
524 2092 669 2117 graecaque
690 2085 761 2118 apud
783 2084 980 2117 Bernhardyum
1002 2085 1073 2109 wisa.
1097 2084 1173 2116 Synt.
1195 2092 1222 2117 p.
1249 2083 1295 2108 108
1316 2092 1375 2117 sqq.

222 2131 263 2161 52)
284 2130 326 2154 Cf.
350 2130 455 2155 Lucret.
478 2131 498 2154 1.
521 2131 534 2154 ὃ
555 2140 612 2165 sqq.
635 2136 659 2156 et
679 2133 710 2157 V.
732 2132 801 2163 736,
822 2132 922 2157 Tibull.
947 2133 980 2156 ll.
1004 2132 1028 2157 3.
1051 2133 1084 2162 3,
1105 2133 1200 2158 Horat.
1222 2134 1308 2158 Carni.
1334 2134 1355 2158 l.
1371 2134 1421 2159 4.5
1435 2153 1441 2162 ,
1461 2134 1541 2158 ovid.
1563 2134 1635 2158 Fast.
1651 2132 1686 2157 lV
1706 2133 1767 2156 init·
1792 2139 1798 2143 ’

222 2179 266 2209 53)
286 2180 328 2204 Cf.
351 2180 458 2204 Becker.
481 2180 596 2205 (jhariel.
617 2182 648 2205 T.
671 2182 706 2211 ll,
727 2191 752 2215 p.
771 2182 837 2206 280:
859 2183 893 2206 im
915 2182 1026 2206 'Vinea
1053 2183 1145 2208 ruliete
1167 2183 1341 2208 bekanntlieh
1361 2183 1404 2208 die
1422 2183 1587 2217 Sehiffnlirt,
1608 2184 1657 2208 wie
1675 2182 1757 2206 selum
1777 2181 1831 2206 lle-

152 2228 220 2252 sivd.
241 2229 291 2261 -ὶργ,
314 2229 363 2252 619
382 2229 411 2263 ff.
434 2230 595 2254 vorscln‘n'bt
615 2235 667 2256 etc.

223 2278 266 2306 54)
286 2277 382 2302 Mullcr
401 2278 439 2302 kl.
460 2278 594 2304 Schriften
615 2281 646 2305 T.
670 2281 704 2310 n,
726 2291 751 2314 p.
776 2281 838 2305 126:
860 2291 885 2306 es
905 2283 938 2307 ist
955 2290 1005 2307 von
1025 2281 1107 2306 selbse
1126 2282 1194 2313 klnr,
1213 2282 1274 2307 dass
1293 2284 1350 2308 sicli
1370 2284 1453 2308 dieses
1472 2284 1528 2317 auf
1541 2283 1589 2307 das
1607 2281 1748 2316 'qeinzliche
1769 2280 1831 2305 Ver-

153 2325 306 2350 schwinden
324 2326 367 2350 des
390 2328 476 2352 Orion
497 2329 530 2352 im
550 2329 692 2364 Friihjnhr
712 2330 828 2359 bezieht;
856 2341 882 2355 er
903 2332 951 2355 irri
978 2340 1033 2355 nuri
1055 2332 1132 2356 blind
1152 2332 1209 2357 und
1228 2334 1387 2358 unsichtbnr
1409 2333 1516 2362 ian-her,
1534 2333 1606 2356 scine
1625 2332 1725 2366 Augen
1745 2330 1832 2355 haben

155 2374 197 2396 ihr
216 2374 296 2398 Licht
316 2375 449 2405 merlai-en,
469 2377 602 2402 Niemand
623 2379 691 2403 steht
710 2379 756 2403 ilm
778 2384 827 2405 etc.
868 2382 939 2405 Adde
961 2380 1087 2406 Uschold.
1107 2381 1233 2407 Vorballe
1253 2383 1284 2408 T.
1308 2383 1344 2413 ll,
1364 2392 1390 2416 p.
1410 2383 1466 2407 149.
