1987 2594
133 250 258 285 solatia
282 246 441 283 canendo
468 247 682 296 quaesivisse
708 245 847 281 dicatur
864 245 916 294 8),
943 243 1028 280 illud
1054 251 1191 289 tamen,
1225 244 1319 293 quod
1347 246 1510 280 carminis
1539 247 1719 293 pastoricii
1746 247 1840 294 prin-

131 328 216 363 ceps
243 319 276 349 et
299 314 460 349 inventor
485 311 597 347 fuisse
620 310 843 359 praedicatur
860 310 909 355 9),
945 310 991 345 ita
1019 310 1137 357 potius
1174 308 1414 344 invertendum
1451 316 1523 355 est,
1556 316 1594 344 ut
1628 311 1738 358 ipsius
1766 310 1839 346 sata

130 381 224 415 inter
250 377 476 414 celeberrima
500 377 653 412 rusticae
679 376 798 424 potisis
826 380 1031 424 argumenta
1060 380 1270 410 censeantur
1283 374 1343 419 l0),
1370 373 1462 409 unde
1493 374 1669 423 quomodo
1704 375 1837 410 factum

130 445 198 489 sit,
233 449 273 478 ut
299 454 428 477 nomen
454 441 530 490 ejus
563 441 601 476 in
634 442 750 489 ipsum
782 444 966 488 poetarum
994 452 1176 474 numerum
1211 437 1340 483 abiret,
1373 438 1411 472 in
1439 439 1543 474 simili
1574 439 1660 473 Lini
1694 439 1837 475 fortuna

131 507 262 543 dudum
289 507 332 542 ab
368 505 445 541 aliis
479 506 527 542 ita
561 505 771 554 explicatum
798 503 937 554 estll),
989 510 1028 539 ut
1061 502 1164 538 nobis
1201 517 1245 539 ne
1276 502 1384 539 verbo
1411 503 1551 552 quidem
1579 504 1726 552 amplius
1751 517 1841 552 opus

131 585 210 608 esse
235 571 405 607 videatur.
456 570 591 605 Poetas
625 583 706 605 vero
741 576 906 619 vatesque
940 568 1123 604 fabulosos
1154 569 1286 616 passim
1315 580 1440 604 caecos
1469 568 1553 603 ferri
1580 570 1661 605 item
1690 569 1843 604 clarissi—

129 638 198 672 mis
223 637 393 680 Homeri,
428 633 644 679 Demodoci,
677 634 878 682 Thamyrae
904 633 1072 682 exemplis
1099 639 1240 668 constat
1260 632 1330 682 12),
1357 646 1506 682 quorum
1532 641 1747 681 postremum
1769 634 1843 683 jam

132 701 348 737 Parthenius
373 712 452 735 cum
478 698 669 747 Daphnide
704 699 939 748 comparavit3
971 698 1072 747 cujus
1101 699 1279 733 caecitatis
1306 711 1505 747 quanquam
1531 699 1567 732 in
1591 698 1667 733 aliis
1692 699 1758 734 alia
1784 712 1838 733 ra-

130 767 179 802 tio
200 765 371 810 redditur,
398 763 485 800 illud
514 772 631 801 tamen
659 776 842 800 commune
865 763 991 809 habet,
1017 769 1056 798 ut
1081 763 1234 798 animum
1261 762 1304 798 ab
1333 770 1496 799 externae
1522 764 1654 811 speciei
1674 764 1839 799 varietate

131 830 177 867 ad
198 831 356 866 internos
379 842 504 865 sensus
531 830 786 877 memoriaeque
814 841 940 863 arcana
968 835 1167 864 revocatam
1191 828 1388 876 significet,
1411 840 1477 863 nec
1504 829 1535 863 si
1558 828 1643 863 alias
1670 841 1840 876 personas

129 895 302 944 mythicas
328 895 510 930 excaecari
536 892 720 939 videmus,
761 893 887 942 quibus
923 892 1072 929 facultas
1101 894 1239 941 poetica
1265 906 1337 928 non
1377 893 1564 938 tribuitur,
1598 900 1636 927 ut
1665 892 1842 941 Oedipum

128 959 183 995 vel
212 959 406 1005 Orionem,
444 960 482 993 in
515 972 648 994 summa
680 958 886 994 calamitatis
921 958 1145 994 similitudine
1176 958 1244 993 hoc
1281 957 1470 993 discrimen
1497 957 1748 1006 negligendum
1775 964 1841 1003 est,

132 1023 228 1073 quod
251 1024 305 1059 his
332 1037 396 1073 per
417 1025 486 1059 vim
512 1024 605 1059 oculi
629 1025 834 1072 eripiuntur,
861 1024 1001 1060 illorum
1025 1025 1120 1059 visus
1145 1024 1221 1059 sola
1239 1024 1393 1058 numinis
1415 1023 1591 1059 voluntate
1607 1024 1710 1071 perit.
1748 1022 1839 1058 Cum

130 1090 301 1126 caecitate
335 1095 467 1135 autem,
499 1102 569 1138 qua
597 1089 763 1137 Daphnin
788 1095 956 1138 tauquam
982 1094 1123 1137 poetam
1156 1094 1289 1124 tantum
1316 1088 1512 1136 praeditum
1545 1087 1714 1133 vidimus,
1740 1089 1841 1123 etiam

136 1155 273 1203 culpam
301 1153 490 1190 tollendam
516 1167 594 1190 esse
617 1160 780 1202 apparet,
818 1167 923 1203 quam
950 1161 985 1190 et
1008 1154 1192 1190 Theocriti
1215 1154 1392 1202 ignoratio
1416 1152 1535 1201 prodit
1557 1166 1577 1188 a
1603 1153 1729 1188 ceteris
1757 1152 1835 1188 ideo

130 1226 266 1256 tantum
293 1219 467 1268 adjectam
494 1232 592 1265 esse,
621 1225 659 1254 ut
688 1219 821 1267 justam
847 1232 980 1267 poenae
1006 1220 1149 1268 iraeque
1176 1218 1313 1254 divinae
1341 1231 1484 1254 causam
1509 1223 1766 1263 memorarent,
1805 1224 1840 1253 et

131 1284 228 1331 ipsa,
263 1289 432 1332 quantum
459 1282 620 1332 equidem
649 1284 782 1328 sentio,
808 1283 942 1331 puellae
969 1284 1088 1331 regiae
1115 1282 1312 1319 obscuritas
1340 1283 1474 1319 fraudis
1503 1284 1639 1331 arguit,
1679 1282 1779 1331 cujus
1807 1283 1838 1317 si

132 1348 285 1396 genuina
327 1346 465 1382 fabulae
497 1347 610 1383 forma
645 1349 845 1384 memoriam
881 1347 1130 1391 continuisset,
1164 1359 1293 1382 nomen
1327 1359 1466 1396 quoque
1501 1346 1744 1394 qualecunque
1784 1351 1842 1380 aut

128 1414 237 1461 ipsius
277 1418 338 1447 aut
369 1418 464 1448 certe
494 1414 605 1461 patris
639 1412 862 1460 tradidisset3
901 1424 995 1447 nunc
1030 1413 1192 1447 universa
1219 1418 1323 1460 atque
1354 1413 1487 1448 ineerta
1522 1415 1609 1458 μιᾶς
1632 1414 1708 1449 τῶν
1731 1410 1840 1450 aaaron*

129 1477 198 1523 viv
225 1476 414 1516 Σικελίαν
440 1473 651 1522 βασιλίδων
677 1480 750 1514 sive
787 1477 882 1517 τινός
915 1476 1114 1527 &wau-965
1148 1475 1344 1522 βασιλέως
1375 1477 1507 1512 mentio
1538 1477 1582 1511 ad
1617 1489 1693 1512 eam
1722 1477 1841 1523 potius

132 1556 198 1579 nos
227 1549 374 1579 aetatem
401 1544 567 1590 remittit,
599 1557 688 1593 quae
711 1544 747 1579 in
774 1542 903 1578 fabulis
930 1540 1186 1578 concinnandis
1221 1542 1392 1577 rationem
1421 1555 1524 1591 quam
1551 1541 1838 1590 perspicuitatem

131 1609 258 1644 sectari
283 1608 401 1643 mallet
427 1621 541 1657 neque
568 1609 610 1644 iis
635 1616 813 1655 contenta,
837 1623 926 1658 quae
952 1609 1047 1645 facta
1075 1616 1152 1645 esse
1179 1609 1394 1656 accepisset,
1422 1609 1526 1644 etiam
1553 1606 1731 1656 quomodo
1757 1607 1836 1642 fieri

130 1675 349 1722 potuissent,
383 1674 431 1710 ita
457 1673 633 1722 explicare
668 1681 877 1720 conaretur,
909 1681 948 1710 ut
981 1673 1085 1709 simul
1112 1673 1269 1722 justitiae
1305 1673 1443 1709 divinae
1470 1673 1526 1709 vel
1551 1679 1755 1721 parceretur
1782 1671 1836 1706 vel

132 1738 393 1783 satisfieretlffv).
448 1737 561 1787 Cujus
585 1739 691 1775 studii
718 1740 999 1788 insignissimum
1027 1738 1205 1786 exemplar
1226 1739 1302 1786 ipse
1329 1738 1559 1774 Stesichorus
1587 1736 1747 1786 praebet,
1775 1737 1835 1785 qui

199 1858 228 1891 8)
250 1857 399 1891 Philargyr.
419 1858 453 1881 ad
473 1857 569 1890 virgil.
591 1857 655 1882 Buc.
677 1857 710 1882 V.
722 1857 772 1881 2οι
793 1857 920 1892 Daphnis
939 1857 1072 1883 Mercurii
1089 1857 1166 1891 filius
1183 1862 1278 1891 pastor
1297 1858 1410 1881 eximiae
1427 1857 1532 1890 sin-mae
1549 1855 1635 1889 fuisse
1655 1855 1771 1883 dicimu-
1792 1854 1836 1878 hic

130 1907 243 1933 dilectus
263 1918 279 1932 a
298 1907 417 1941 nympha
435 1907 511 1940 Lyca
529 1905 609 1940 fidem
627 1906 718 1935 dedit,
738 1907 843 1931 nullius
862 1916 888 1931 se
908 1907 1028 1931 mulieris
1050 1907 1164 1931 alterius
1190 1907 1333 1931 concubitu
1354 1915 1482 1934 usui-unu
1508 1905 1555 1930 sed
1572 1905 1690 1939 ses'elliez,
1712 1905 1744 1929 ob
1763 1903 1835 1939 quod

130 1957 242 1982 orbatus
258 1962 297 1982 est
317 1957 482 1986 luminibus5
504 1956 577 1991 quod
596 1956 658 1981 licet
684 1957 848 1981 carminibus
867 1962 892 1981 et
908 1956 1003 1991 fistula
1023 1957 1175 1986 solaretur,
1195 1966 1250 1981 non
1270 1961 1356 1981 tamen
1376 1955 1424 1980 diu
1446 1956 1525 1982 vixit.

200 2007 225 2040 9)
247 2007 357 2032 Diodor.
381 2006 426 2031 lv.
448 2007 501 2037 84;
535 2007 585 2031 Sil.
614 2007 699 2033 Italic.
725 2007 795 2033 xw.
815 2006 880 2037 462;
913 2008 1035 2032 Dio-ned.
1065 2006 1182 2032 Gratum.
1211 2016 1236 2040 p.
1256 2007 1317 2030 484.
1339 2006 1389 2035 29;
1417 2006 1453 2031 cs.
1478 2006 1603 2030 XVelclter
1630 2006 1667 2030 kl.
1697 2005 1832 2030 Schriften

136 2057 166 2081 T.
189 2057 211 2086 l,
231 2066 258 2090 p.
280 2057 339 2082 409.
378 2056 498 2089 Marsyae
518 2057 672 2090 magistrum
694 2058 721 2081 in
741 2060 797 2082 arte
818 2056 901 2088 lyrica
922 2055 990 2080 dixit
1010 2055 1159 2079 Alexander
1178 2054 1303 2083 Aetolus5
1326 2055 1362 2078 ct'.
1383 2053 1474 2079 Schol.
1497 2054 1610 2078 Theocr.
1634 2053 1713 2086 ldyll.
1736 2052 1810 2076 Vlll.

202 2104 243 2137 10)
265 2103 380 2137 Meleag.
403 2105 495 2138 Epigr.
514 2103 558 2129 27.
578 2104 609 2134 23
631 2105 739 2129 callim.
763 2105 855 2138 Epigr.
877 2104 921 2128 23.
942 2103 965 2128 3.
1005 2103 1043 2129 Tu*
1063 2102 1194 2134 Δάφνιδος
1213 2102 1290 2135 ἄλγεα
1310 2104 1336 2127 in
1357 2103 1499 2137 proverbio
1520 2107 1582 2127 sunt
1600 2103 1711 2127 Theocr.
1732 2101 1765 2125 V.
1786 2101 1829 2125 20.

202 2153 244 2185 11)
265 2154 306 2179 Cf.
329 2154 453 2179 weleker
472 2154 509 2178 kl.
533 2152 669 2179 Schriften
689 2154 721 2178 T.
746 2154 768 2183 l,
789 2164 816 2188 p.
838 2152 887 2181 37;
909 2152 1053 2176 Ambroseh
1074 2152 1106 2176 de
1128 2151 1208 2180 Lino,
1230 2151 1301 2176 Berl.
1326 2151 1403 2175 1829.
1425 2152 1456 2181 43
1479 2151 1549 2176 Bach
1571 2151 1641 2175 nist.
1662 2152 1736 2183 poi-⁸.
1759 2149 1828 2182 eleg.

131 2200 210 2225 Fuld.
235 2200 312 2225 1840.
335 2201 360 2230 4,
380 2210 408 2234 p.
429 2201 481 2230 22;
504 2201 621 2235 Brugsch
643 2202 686 2226 die
706 2201 887 2234 Adonisklage
908 2202 963 2225 und
983 2201 1029 2225 das
1049 2200 1200 2229 Linoslied,
1222 2201 1292 2225 Berl.
1315 2201 1390 2226 1852.
1410 2201 1436 2225 8.

200 2249 243 2281 ¹⁶3)
270 2249 311 2273 cf.
343 2250 462 2275 Nitzscli.
493 2251 559 2278 erkl.
589 2251 713 2276 Anmerk.
742 2260 765 2278 z.
795 2250 892 2282 Odyss.
921 2249 952 2273 T.
977 2249 998 2278 l,
1024 2258 1052 2283 p.
1074 2248 1133 2273 192.
1163 2249 1200 2278 ll,
1226 2258 1251 2283 p.
1272 2248 1331 2273 173.
1390 2249 1491 2274 Phineo
1530 2256 1636 2282 quoque
1670 2246 1831 2280 μαντοσύνην

132 2297 272 2329 ἐγγυάλιξεν
291 2299 432 2332 Λητοΐδης,
453 2299 542 2332 Apoll.
564 2299 652 2323 Rhod.
674 2301 772 2331 Argon.
796 2299 834 2328 ll,
857 2297 916 2326 180,
937 2298 1077 2331 ipsamque
1099 2298 1215 2332 Lycurgi
1236 2299 1391 2324 caecitatem
1412 2299 1506 2330 (Iliad.
1528 2298 1573 2323 Vl.
1597 2296 1656 2328 130)
1676 2298 1709 2321 nd
1729 2297 1830 2330 Apolli-

131 2356 207 2372 neam
228 2347 287 2381 ejus
307 2351 429 2372 naturam
449 2357 574 2372 revocare
595 2348 707 2376 licebit.
728 2349 760 2372 de
781 2357 831 2382 qua
852 2357 877 2372 v-
898 2347 1048 2372 Schwenek
1068 2347 1182 2380 Mythol.
1205 2348 1318 2373 Skizzen
1339 2358 1364 2382 p.
1386 2349 1428 2372 55.
1449 2347 1493 2372 83.

201 2396 246 2430 13)
267 2397 310 2422 cf.
335 2398 442 2424 Nitzsch
463 2399 490 2423 in
508 2400 579 2432 Aug.
602 2399 767 2424 Monntschr.
792 2398 869 2427 1850,
889 2407 916 2431 p.
939 2396 988 2421 306
1009 2406 1067 2431 sqq,
1087 2399 1127 2423 vel
1149 2399 1192 2423 die
1212 2399 1392 2432 Sagenpoi-sie
1412 2399 1438 2423 d.
1462 2397 1592 2422 Griechen
1613 2406 1638 2431 p.
1663 2396 1711 2420 506
1734 2405 1792 2430 sqq.
