1987 2594
92 228 229 279 quidem
255 236 372 259 amore
395 222 448 257 uti
473 220 556 256 velit
585 240 625 244 —
656 217 736 253 talis
764 217 856 252 enim
875 213 1008 250 fastidii
1025 212 1276 262 turpitudinem
1302 214 1358 249 vel
1375 214 1548 250 Venerem
1569 213 1785 251 Graecorum

90 302 252 329 recusare
279 286 431 323 arbitror
455 306 504 311 —
529 283 591 319 sed
617 289 656 318 ut
688 294 811 316 vanam
847 276 1076 330 σωφροσύνης
1109 277 1295 323 fiduciam,
1330 290 1397 325 qua
1429 277 1535 314 fidem
1570 280 1715 329 conjugi
1750 287 1786 316 et

91 355 184 392 dedit
208 358 242 388 et
260 353 348 386 iuter
374 349 644 385 domesticarum
670 345 860 393 puellarum
882 343 1064 379 illecebras
1091 343 1251 388 servavit,
1277 355 1349 377 non
1369 343 1546 390 inexpleto
1568 350 1704 379 tantum
1724 344 1789 380 sed

92 416 288 465 inexplebili
316 413 490 450 desiderio
511 413 595 448 luat.
651 410 754 455 Quae
773 422 880 457 quum
899 409 946 443 ita
963 409 1044 453 sint,
1072 405 1196 457 κώραν
1213 420 1247 442 v·
1264 405 1316 441 82
1334 419 1399 442 nec
1421 408 1608 457 conjugem
1630 409 1790 457 Daphni-

92 484 142 519 dis
167 480 385 528 interpretari
410 491 573 527 possum,
613 474 712 523 cujus
740 473 884 509 fastidio
918 486 962 508 ne
988 472 1159 508 vocabula
1182 471 1323 520 quidem
1350 468 1504 523 ὃυσέρως
1530 480 1564 509 et
1587 470 1790 521 α’μοὶχανος

92 554 184 584 recte
217 545 460 589 convenirent,
492 554 557 577 nee
583 540 732 589 puellam
759 552 778 574 a
804 537 994 586 Daphnide
1022 543 1193 582 amatam,
1228 551 1298 586 qua
1328 544 1513 585 praesente
1543 538 1602 573 bic
1630 540 1790 587 corporis

93 619 222 650 tantum
249 610 384 646 libidini
407 607 600 655 inexpletae
631 603 894 649 succumberet,
933 602 995 638 sed
1019 616 1094 639 eam
1120 602 1303 650 intelligo,
1343 615 1363 637 a
1391 616 1459 651 qua
1486 604 1658 651 expetitus
1685 603 1791 639 fidem

93 676 236 724 conjugi
262 674 378 710 datam
404 685 522 708 revera
547 676 737 717 servasset,
772 668 875 716 idque
911 669 1014 704 etiam
1047 666 1273 715 sequentibus
1300 667 1703 703 accommodatissimum
1728 675 1792 711 est,

93 742 151 777 ubi
181 742 230 776 ita
262 746 392 775 tantum
432 751 470 773 se
496 736 678 784 Daphnis,
722 735 879 783 quamvis
913 735 982 768 vim
1010 733 1159 768 Veneris
1187 738 1392 779 expertum,
1435 739 1552 769 tamen
1585 747 1655 769 non
1680 740 1792 769 totum

93 807 220 841 victum
253 803 453 852 praedicare
489 807 623 849 potest,
663 801 694 835 si
728 813 806 836 eum
834 805 927 834 certe
962 811 1135 843 amorem,
1170 810 1240 846 quo
1268 797 1391 832 Venus
1416 810 1494 832 eum
1520 799 1663 846 proprie
1687 804 1793 847 atque

94 871 192 905 initio
217 874 426 912 tentaverat,
451 866 582 914 sprevit
602 870 706 912 atque
734 865 766 900 ei
793 863 932 899 demum
959 862 1156 907 succubuit,
1182 875 1284 910 quem
1309 862 1367 896 illa
1389 863 1584 899 ulciscendi
1604 876 1709 898 causa
1737 877 1794 899 ex-

95 936 269 970 citaverat.
323 932 439 977 Quam
465 931 555 965 enim
583 929 740 978 plerique
767 930 977 976 interpretes
1007 941 1156 976 cumque
1180 928 1234 962 his
1259 928 1334 975 ipse
1352 927 1589 963 Doederlinus
1611 929 1794 964 victoriam

95 1005 263 1043 statuunt,
290 1004 330 1033 ut
347 996 509 1044 Daphnis
536 996 572 1029 in
594 1008 713 1043 puqna
740 996 906 1030 adversus
938 994 1110 1029 Venerem
1138 993 1287 1027 animo
1315 994 1456 1042 quidem
1483 995 1594 1028 victus
1620 995 1679 1038 sit,
1710 1006 1794 1042 quo—

95 1067 190 1100 niam
219 1065 267 1098 ad
291 1064 491 1112 affectus
522 1060 671 1096 Veneris
699 1060 769 1095 tela
796 1061 1017 1108 diriquntur,
1049 1059 1138 1093 idem
1168 1064 1283 1093 tumen
1311 1059 1513 1103 virtute,
1540 1059 1581 1108 fi
1592 1060 1668 1103 de,
1703 1072 1795 1094 con·

96 1131 273 1164 stantia
307 1128 454 1162 invictus
487 1126 556 1171 sit,
590 1132 625 1160 et
660 1125 842 1161 subtiliore
870 1125 1093 1160 distinctione
1121 1125 1263 1168 nititur,
1299 1136 1402 1171 quam
1437 1137 1527 1172 quae
1554 1123 1645 1159 illius
1675 1125 1796 1159 aetatis

97 1193 295 1242 pastoribus
319 1190 501 1227 tribuenda
527 1192 593 1235 sit,
620 1197 655 1225 et
677 1203 764 1235 nos,
796 1197 836 1225 ut
861 1189 1050 1225 identidem
1078 1188 1169 1234 dixi,
1201 1188 1245 1223 ad
1271 1201 1347 1224 cam
1375 1188 1489 1224 morbi
1517 1201 1658 1224 causam
1681 1189 1798 1224 remit-

98 1261 151 1303 tit,
179 1270 267 1306 quae
292 1258 326 1291 in
353 1257 426 1292 sola
453 1257 612 1303 corporis
640 1255 785 1290 libidine
807 1254 926 1290 sedem
944 1254 1083 1301 habeat3
1111 1254 1217 1302 longe
1234 1253 1383 1301 planior,
1410 1260 1448 1289 ut
1467 1255 1604 1302 opinor,
1632 1261 1667 1290 et
1684 1253 1798 1289 morbi

100 1330 135 1360 et
160 1323 323 1357 victoriae
348 1323 437 1357 ratio
461 1327 616 1369 apparet,
643 1321 674 1355 si
699 1333 772 1356 non
798 1319 843 1354 ad
862 1319 1019 1364 eandem,
1045 1318 1107 1354 sed
1135 1318 1179 1353 ad
1202 1318 1288 1353 duas
1315 1318 1447 1366 puellas
1471 1319 1687 1365 referuntur,
1713 1332 1797 1368 qua-

100 1402 176 1423 rum
199 1387 241 1423 ob
269 1387 424 1432 alteram,
451 1387 671 1434 peregrinam
693 1385 799 1430 illam,
827 1384 989 1432 Daphnis
1017 1385 1132 1418 animo
1159 1385 1289 1431 pariter
1315 1397 1356 1419 ac
1383 1397 1533 1433 corpore
1560 1390 1740 1433 aegrotet,
1763 1385 1799 1418 in

103 1453 208 1488 altera
232 1465 327 1498 vero,
352 1450 456 1502 χώρᾳ
481 1458 612 1496 nostra,
640 1452 689 1486 ita
715 1452 830 1486 victor
856 1451 1014 1495 exsistat,
1040 1456 1079 1484 ut
1105 1450 1262 1497 quamvis
1289 1451 1393 1485 etiam
1420 1463 1526 1496 nune,
1551 1451 1582 1485 si
1606 1450 1654 1484 illi
1680 1450 1798 1498 potius

103 1531 140 1553 se
167 1517 290 1553 dedere
329 1530 431 1565 quam
466 1517 686 1564 peregrinam
712 1516 865 1563 speciem
895 1521 1036 1562 captare
1063 1514 1163 1559 velit,
1196 1514 1346 1550 Veneris
1368 1517 1455 1550 iram
1484 1516 1648 1564 frangere
1674 1516 1798 1563 possit,

104 1590 219 1619 tamen
244 1583 334 1617 hanc
358 1582 491 1630 perpeti
519 1595 622 1630 quam
649 1580 753 1616 fidem
781 1580 895 1621 datam
924 1580 1088 1628 frangere
1116 1579 1228 1614 malit:
1257 1579 1375 1619 ςὶλλςὶ
1402 1581 1466 1620 τὼ)
1494 1579 1601 1620 αὐτῷ

325 1644 413 1685 ἄνυε
438 1646 569 1697 πικρὸν
593 1647 715 1695 ἔρωτα
740 1644 806 1685 καὶ
832 1648 867 1685 ἐς
891 1645 1004 1685 τέλος
1025 1643 1114 1683 εἵνυε
1141 1643 1274 1696 μοίρας.

107 1713 216 1747 Immo
241 1713 292 1747 sic
320 1711 467 1757 demum,
495 1712 668 1746 distinctis
693 1713 782 1747 inter
810 1725 847 1746 se
874 1711 1011 1759 puellis,
1038 1710 1196 1746 versibus
1222 1708 1308 1745 102.
1329 1708 1405 1745 ’105
1431 1711 1492 1746 lux
1518 1711 1713 1759 affulgebit,
1740 1710 1798 1745 ubi

107 1778 235 1813 Veneri
261 1777 501 1824 exprobranti:

331 1840 377 1879 τι]
404 1840 482 1884 &riv
509 1840 571 1880 τόν
590 1838 747 1891 ’Ἑρωτει
775 1839 862 1879 κατ’
890 1838 997 1888 εὔχεο
1016 1839 1084 1889 4⁶),
1110 1838 1259 1890 Δεὶφιί,
1289 1839 1474 1889 >mangen-

331 1898 354 1949 ἦ
379 1903 406 1956 ῥ’
431 1903 493 1944 οὑκ
517 1903 807 1956 αὔτός”Ερωτος
834 1903 895 1944 ὑπ’
920 1903 1104 1955 εἰργαλέω
1132 1904 1370 1951 ἐλιιγίχθης;

180 2015 224 2046 46)
245 2016 283 2040 lta
304 2025 350 2050 per
367 2019 462 2042 tmesiu
481 2019 649 2044 scribendum
669 2028 725 2043 esse
744 2019 876 2049 arbitror,
897 2024 925 2044 ut
945 2019 1010 2043 naun*
1030 2027 1089 2043 cum
1109 2020 1214 2050 λιιγιξιῖν
1234 2019 1324 2051 potius
1340 2019 1481 2051 jungatur.
1521 2019 1637 2044 verbum
1654 2028 1799 2053 synonymo

111 2065 292 2088 καταπαλαίειν
311 2066 374 2089 satis
394 2067 494 2100 alioqui
508 2072 592 2092 tutum
614 2068 747 2101 Hesychia
767 2072 837 2092 certe
858 2073 948 2093 notum
965 2073 991 2093 et
1006 2069 1166 2102 explicatum
1186 2072 1226 2092 est
1245 2068 1276 2091 T.
1291 2068 1327 2097 ΙΙ,
1341 2077 1367 2101 p.
1384 2068 1448 2092 175:
1470 2068 1667 2100 καταλιιγίζεται
1685 2069 1801 2098 δεσμεύε-

111 2124 154 2138 ται
173 2116 318 2146 στρέφεταιι
337 2117 408 2148 quod
427 2120 513 2140 autern
533 2118 558 2141 in
579 2123 705 2150 sequente
724 2127 799 2142 versu
819 2119 904 2142 solum
930 2120 1068 2151 ἐλυγίχθης
1088 2119 1204 2150 legitur,
1231 2119 1324 2142 codem
1344 2127 1416 2142 more
1435 2118 1482 2147 fit,
1509 2127 1588 2152 quem
1609 2119 1714 2151 Proteg.
1738 2119 1801 2145 Pla-

113 2167 168 2188 ton.
189 2164 219 2188 T.
243 2164 264 2192 l,
284 2173 311 2198 p⁴
325 2174 368 2188 vm
387 2175 399 2189 a
420 2175 460 2190 me
480 2171 633 2191 annotatum
653 2169 723 2192 nube
743 2169 923 2202 exemplorum
942 2169 1042 2193 firmari
1060 2169 1137 2197 licet3
1158 2169 1194 2192 cf.
1217 2168 1333 2201 liepubl.
1357 2168 1375 2199 l,
1395 2178 1420 2201 p.
1441 2167 1490 2192 336
1512 2168 1531 2192 C
1552 2167 1755 2200 ἐξαμαρτάνομεν
1770 2185 1799 2189 -

115 2211 306 2246 ἁμαρτάνομεν,
328 2215 374 2244 lv,
394 2224 420 2248 p.
440 2216 490 2240 444
511 2217 532 2240 Ι.)
559 2219 655 2245 ἐμποιεῖ
676 2232 703 2236 -
725 2224 819 2247 ποιεῖν,
850 2218 882 2246 V,
904 2228 929 2251 p.
952 2218 1002 2242 474
1023 2218 1043 2242 Β
1063 2219 1231 2251 διορίσασθαι
1250 2232 1284 2235 -
1305 2215 1444 2251 ὁρίζεσθαι,
1465 2218 1527 2247 Vll,
1548 2228 1574 2252 p.
1598 2219 1645 2242 533
1664 2221 1684 2243 A
1701 2220 1801 2251 διισχυ-

117 2262 231 2295 ρίζεσθαι
250 2277 281 2281 -
301 2266 456 2297 ἰσχυριστέον
475 2269 525 2290 etc.
566 2266 626 2290 Mox
645 2267 700 2300 ipse
722 2276 791 2292 nunc
812 2267 956 2292 Abrensius
977 2268 996 2291 l.
1012 2276 1036 2292 c.
1058 2277 1085 2301 p.
1105 2267 1153 2291 4¹7
1174 2266 1247 2292 Ἀΐδα
1268 2267 1436 2292 scribendum
1459 2269 1524 2292 vidit
1544 2277 1591 2300 pro
1611 2269 1700 2293 dativo
1719 2267 1803 2301 Ἀΐδᾳ,

118 2320 193 2344 quem
214 2314 325 2337 eundem
342 2314 400 2347 jam
420 2315 500 2348 ldyn.
523 2316 558 2340 ΙΙ.
580 2315 611 2339 33
632 2325 691 2341 cum
711 2317 846 2342 Meinekio
865 2318 1020 2346 sustulerat,
1041 2326 1127 2351 neque
1147 2317 1235 2342 obstat
1255 2318 1326 2350 quod
1347 2326 1427 2350 supra
1451 2327 1474 2341 v.
1497 2317 1528 2340 02³·
1549 2320 1583 2345 ,ιὶς
1606 2317 1699 2343 Ἀΐδαν
1716 2329 1743 2350 γε
1759 2319 1803 2343 τόν

118 2360 287 2387 ἔκλελάθοντα
307 2363 347 2388 vel
366 2364 436 2388 infra
453 2373 478 2388 ν.
501 2364 549 2389 128
569 2367 592 2393 ἐς
608 2364 698 2391 Ἀΐδαν
718 2367 822 2397 ἕλκομαι
842 2367 891 2400 ἤδη
912 2371 937 2392 et
957 2367 1027 2392 XVl.
1046 2367 1077 2391 52
1099 2365 1188 2392 ’Alam
1208 2368 1242 2395 ιίς
1261 2367 1365 2397 ἔσχατον
1386 2367 1516 2399 legimus3
1537 2368 1594 2393 illic
1614 2369 1685 2393 enim
1705 2368 1803 2401 ubique
