1987 2594
956 147 1021 186 11

129 250 330 291 ἄλλωθεν
365 245 404 289 δὲ
434 249 681 299 ποτικρίιόιτο
718 248 772 283 vel
805 246 1034 299 ὑποκρίνοιτο
1072 247 1330 283 substituerint.
1385 248 1459 284 Sed
1492 249 1579 285 haec
1610 251 1646 284 in
1681 250 1846 299 ambiguo

131 317 283 364 relinqui
309 320 482 363 praestat3
511 314 642 349 certior
668 312 852 348 dubitandi
878 313 978 348 locus
1003 319 1057 348 est
1081 314 1116 347 in
1140 313 1220 360 ipso
1247 325 1436 360 puerorum
1466 313 1643 363 colloquio
1664 316 1699 350 in
1718 315 1845 364 ldyllio

130 388 279 426 octavo,
311 379 372 414 ubi
398 379 524 414 merito
552 379 720 413 miramur
744 377 938 425 Daphnin,
973 378 1034 426 qui
1068 377 1172 413 modo
1199 376 1346 412 vitulum
1373 378 1408 411 in
1437 380 1629 425 praemium
1658 380 1846 426 obtulerat,

129 459 213 482 mox
239 451 371 480 mutata
398 445 572 479 sententia
598 443 643 478 ad
669 443 822 478 fistulam
850 442 1066 479 descendere
1094 443 1184 492 ejuS‚
1207 456 1311 492 quam
1335 442 1442 477 modo
1469 443 1691 480 adversarius
1716 446 1846 493 promi-

128 517 235 557 serat,
259 522 406 559 prorsus
433 508 596 554 similem,
621 507 723 556 cujus
746 521 790 543 ne
814 508 961 542 virtutes
990 507 1131 556 quidem
1155 507 1241 542 alias
1261 521 1365 556 quam
1379 507 1563 544 Menalcas
1583 511 1618 544 in
1635 523 1696 544 sua
1709 510 1846 558 jactare

128 580 273 624 potest,¹
299 574 392 610 unde
418 573 520 609 fleret
545 580 604 618 ut,
630 579 712 608 uter
737 573 899 618 vicisset,
934 572 1022 607 nihil
1048 574 1286 621 praestantius
1317 586 1421 621 quam
1450 574 1546 622 quod
1573 576 1647 622 ipse
1675 577 1711 609 in
1737 582 1848 610 certa-

129 644 224 678 mine
249 641 429 689 posuisset
456 639 599 674 domum
624 639 799 686 referret3
837 651 927 686 quae
952 651 1060 686 quum
1095 639 1143 673 ita
1178 639 1270 683 sint,
1304 638 1583 686 interpolationis
1619 642 1775 688 suspicio
1810 647 1849 676 ut

130 721 238 757 quum
265 707 416 741 maxime
441 706 628 740 excitatur.
682 704 734 740 Et
759 701 962 740 Ahrensius
988 704 1130 754 quidem
1154 719 1186 740 v.
1202 702 1354 738 11-16
1369 705 1534 740 cancellis
1553 706 1844 754 circumscripsit,

133 786 204 822 quo
231 771 332 808 vituli
356 772 572 806 mentionem
603 770 761 818 tolleret,
795 777 832 806 at
865 772 956 806 enim
992 771 1094 806 aliam
1118 771 1191 820 jam
1227 778 1308 806 ante
1330 785 1363 805 v.
1392 769 1441 804 17
1468 784 1487 805 a
1509 770 1700 819 Daphnide
1728 771 1845 806 condi-

128 840 260 875 tionem
287 837 392 872 latam
419 836 530 871 fuisse
557 836 751 884 particulae
777 833 896 874 α’λλεὶ
927 833 970 875 τί
998 835 1076 882 univ
1100 835 1315 880 manifesto,
1352 842 1391 870 ut
1427 836 1569 883 opinor,
1603 835 1847 882 indicant5?);

132 903 218 938 mihi
241 903 351 951 igitur
377 902 488 937 satius
514 900 654 936 videtur
679 900 843 935 versibus
865 898 913 934 2¹1
943 908 978 936 et
1003 899 1054 935 22
1080 900 1228 936 sublatis
1259 901 1363 936 etiam
1390 901 1596 949 ampliorem
1622 902 1758 937 fistulae
1789 901 1846 936 de—

127 969 380 1016 scriptionem:
408 965 539 1017 πρώαν
567 982 619 1005 νιν
647 964 828 1016 συνέπαξ
852 967 908 1006 ἔτι
943 965 1010 1006 καὶ
1036 966 1100 1006 τόν
1128 962 1321 1006 δάκτυλον
1344 964 1481 1014 οἷλγέω

356 1035 508 1075 τοῦτον,
533 1030 616 1070 ἐπεὶ
642 1029 821 1079 κάλαμος
849 1033 866 1069 ἓ
894 1027 1135 1079 διασχισθεῖς
1163 1028 1377 1081 ὃιέτμαξεν,

135 1097 323 1134 Menalcae
347 1098 545 1133 continuari
572 1097 627 1132 vel
665 1098 695 1132 si
729 1097 893 1132 malueris
918 1104 999 1133 ante
1025 1112 1058 1132 v.
1082 1096 1135 1132 20
1161 1099 1288 1143 inseri,
1320 1104 1358 1132 ut
1384 1098 1547 1146 Daphnis
1571 1112 1604 1133 v.
1631 1097 1683 1132 25
1709 1098 1845 1132 demum

128 1164 355 1213 pronunciet:

355 1226 474 1267 α’λλοὶ
497 1227 555 1268 τίς
581 1227 686 1276 ἄμμε
708 1231 840 1279 κρινεῖς
868 1228 924 1268 τίς
947 1227 1108 1268 ἐποίκους
1136 1229 1289 1268 ἔσσεται
1318 1227 1464 1275 ιὶμέωνς

129 1296 167 1329 in
194 1295 344 1343 caprarii
372 1301 487 1330 autem
512 1294 648 1342 judicio
675 1308 707 1329 v.
735 1293 787 1328 35
813 1294 1029 1343 singularem
1063 1294 1223 1339 restitui,
1262 1307 1365 1342 quem
1395 1294 1594 1330 Scholiasta
1629 1307 1768 1343 quoque
1796 1308 1846 1329 re-

131 1361 266 1407 spexit:
287 1353 423 1400 ἆθλον
450 1359 516 1397 καί
543 1357 670 1398 αὐτοῖς
698 1375 715 1402 η
747 1356 883 1411 σύριγξ
905 1356 1100 1401 α’πέκειτο,
1126 1355 1169 1400 ’ἣν
1197 1355 1403 1398 ἐπιδίδωσιν
1430 1358 1590 1412 ὂκριτής
1607 1363 1661 1412 τῷ
1679 1356 1844 1410 Δάφνιδι

128 1423 175 1464 ὠς
202 1422 418 1471 νικήσαντα
446 1437 518 1459 11011
544 1424 642 1458 illum
670 1423 832 1472 quidem,
859 1431 898 1459 ut
925 1438 943 1460 e
972 1424 1149 1473 Scaligeri
1176 1426 1382 1474 conjectura
1402 1426 1658 1461 Valckenarius
1688 1427 1842 1474 scripsit,

129 1492 286 1540 genitivo
311 1503 394 1525 casu
421 1493 491 1529 τοῖς
519 1490 711 1540 σύριγγος,
745 1503 849 1539 quam
887 1496 1099 1525 structuram
1131 1489 1228 1525 verbi
1262 1490 1462 1540 λάξεσθαι
1501 1505 1585 1526 usus
1622 1492 1777 1539 respuit,
1814 1497 1848 1525 at

130 1558 245 1604 ipsum
270 1557 510 1591 accusativum
538 1568 616 1590 cum
648 1555 774 1603 exigua
808 1554 906 1590 verbi
930 1556 1112 1604 sequentis
1140 1557 1344 1602 mutatione,
1372 1570 1477 1606 quam
1504 1556 1599 1592 haud
1624 1557 1700 1591 scio
1723 1569 1768 1591 an
1792 1556 1846 1591 vel

131 1622 304 1657 sententia
329 1622 443 1669 magis
471 1619 711 1656 commendet:

356 1681 495 1725 λα’σὸεο
522 1685 597 1725 τοῖν
625 1683 812 1737 σύριγγα·
843 1685 1046 1725 νενίκακας
1072 1685 1148 1736 γάρ
1175 1682 1317 1726 αἐἵὸων.

128 1751 173 1786 111
199 1752 358 1801 elegiaco
383 1752 534 1799 denique
562 1753 764 1797 certamine,
791 1765 835 1787 ne
862 1752 992 1800 longus
1018 1752 1096 1797 sim,
1125 1754 1242 1788 omnia
1266 1760 1444 1803 quotquot
1467 1759 1609 1789 exstant
1636 1759 1729 1787 sarta
1754 1757 1847 1786 tecta

128 1817 206 1852 fore
234 1817 405 1863 arbitror,
429 1817 534 1852 modo
560 1831 592 1852 v.
615 1815 787 1862 49-52,
815 1818 875 1865 qui
902 1830 1008 1862 nunc,
1034 1824 1223 1866 postquam
1249 1825 1396 1866 propter
1424 1820 1622 1866 argumenti
1649 1816 1846 1853 similitudi-

127 1895 207 1917 nem
233 1883 394 1930 proxime
419 1888 502 1931 post
528 1881 731 1930 Daphnidis
756 1881 862 1917 verba
886 1881 929 1917 de
955 1882 1094 1918 Milone
1125 1883 1233 1931 positi
1270 1889 1372 1928 sunt,
1408 1883 1594 1919 Menalcae
1629 1882 1842 1925 tribuuntur,

127 1946 172 1981 ad
195 1947 422 1995 Daphnidem
448 1949 568 1996 potius
590 1948 757 1983 translata
783 1954 866 1995 post
888 1962 920 1982 v.
947 1946 998 1982 56
1025 1948 1313 1984 collocaverimus
1341 1961 1455 1997 eoque
1483 1948 1580 1984 facto
1606 1955 1640 1983 et
1665 1948 1748 1982 huic
1776 1946 1844 1981 Mi-

127 2011 242 2047 lonem
265 2013 442 2061 integrum
468 2012 639 2061 simulque
666 2013 853 2049 Menalcae
879 2010 1040 2059 σύννομα
1058 2016 1173 2060 μάλα
1196 2013 1465 2059 reddiderimus,
1491 2027 1581 2062 quae
1600 2026 1679 2048 cum
1701 2011 1844 2047 bubulci

129 2089 304 2124 persona,
340 2079 398 2112 cui
423 2078 530 2127 vulgo
562 2078 740 2126 adscripta
767 2084 869 2123 sunt,
897 2091 1001 2126 aegre
1029 2080 1256 2114 conveniunt.
1309 2078 1400 2113 Nam
1435 2078 1531 2127 quod
1559 2084 1593 2114 et
1619 2078 1696 2113 aliis
1723 2083 1756 2111 et
1782 2088 1845 2110 no-

130 2142 273 2177 vissime
299 2143 489 2178 Zetzschio
508 2142 559 2192 38)
584 2143 728 2191 placuit,
755 2149 915 2191 pastores
940 2156 1010 2178 11011
1039 2157 1082 2179 ex
1109 2158 1173 2179 sua
1200 2146 1358 2192 ipsorum
1388 2144 1594 2180 conditione
1617 2142 1679 2179 sed
1695 2156 1737 2176 ex
1751 2140 1842 2176 fieti-

132 2207 197 2241 ciis
225 2208 402 2244 amoribus
429 2207 607 2243 amoebaei
636 2215 761 2244 cantus
789 2215 998 2257 argumenta
1025 2209 1256 2257 depromere,
1278 2210 1313 2244 id
1340 2210 1417 2245 fieri
1440 2223 1545 2257 posse
1569 2207 1839 2256 haudquaquam

202 2295 247 2327 37)
268 2296 310 2321 Cf.
332 2277 430 2323 Sthllb.
451 2278 485 2322 ad
505 2299 573 2326 Plat.
589 2302 680 2336 Symp.
703 2312 729 2335 p.
751 2301 802 2326 205
823 2302 856 2326 Ε.

203 2345 247 2377 38)
267 2346 328 2372 Joh.
347 2347 431 2372 Gom.
454 2349 599 2375 Zetzsche:
626 2353 666 2376 Ad
686 2352 891 2376 auioehaeorum
919 2353 1066 2377 carminum
1098 2354 1172 2387 leges
1198 2355 1286 2380 denuo
1312 2356 1339 2379 in
1367 2364 1476 2379 examen
1498 2358 1607 2378 vocatur
1633 2354 1708 2378 locus
1729 2352 1842 2376 Theocr-

131 2394 172 2420 Id.
194 2396 271 2421 vm.
293 2397 409 2428 33-60,
430 2400 537 2425 Altenb.
562 2401 637 2426 1835.
661 2404 683 2428 4.
