1987 2594
944 141 1011 183 12

128 267 237 302 ”08⁰3
272 263 342 285 non
373 256 488 284 tamen
520 247 606 282 adeo
635 251 695 280 aut
721 245 960 281 necessarium
996 250 1055 278 aut
1086 243 1242 290 proclive
1272 249 1344 288 est,
1382 249 1420 277 ut
1442 257 1472 278 ει
1499 243 1573 277 suis
1602 244 1752 292 quisque
1780 243 1836 279 vel

128 316 280 353 moribus
308 313 362 348 vel
401 311 579 348 amoribus
614 316 777 347 constare
805 309 942 356 possit,
978 307 1171 342 alienorum
1201 308 1320 355 potius
1349 307 1524 355 interpres
1549 306 1738 356 fingendus
1766 309 1813 343 sit
1823 323 1834 355 3

127 389 232 429 utque
257 378 424 425 ποιμένος
449 391 481 411 v.
509 374 564 411 44
590 382 625 411 et
654 374 724 414 τοῖς
750 373 828 419 βῶς
862 371 1063 418 βόσκοντος
1099 385 1132 406 v.
1158 370 1213 406 48
1245 373 1380 407 notatio
1415 385 1479 407 nos
1516 371 1560 407 ad
1587 373 1746 420 ipsorum
1774 374 1835 422 qui

128 448 256 481 canunt
286 455 455 491 personas
489 441 654 485 remittit,
688 440 735 474 ita
770 440 894 474 iterata
928 437 1078 473 Milonis
1112 437 1243 472 mentio
1275 437 1378 471 etiam
1415 438 1651 472 constantiam
1684 437 1837 485 aliquam

128 508 414 557 singularumque
449 505 673 553 stropharum
709 517 838 539 nexum
872 504 1000 552 arguit.
1061 501 1176 551 Atqui
1214 509 1393 550 pastorem
1429 502 1605 550 puellam,
1642 501 1837 538 bubulcum

127 586 270 622 puerum
294 573 332 606 in
358 571 494 607 deliciis
522 569 651 604 habere
687 569 756 616 ipsi
795 582 882 617 quos
917 567 1057 603 laudavi
1090 582 1213 604 versus
1241 567 1452 614 ostendunt3
1488 566 1583 615 quod
1612 568 1643 603 si
1673 566 1836 616 σύννομοι

126 640 240 686 μάλα
266 651 300 671 v.
330 634 381 671 56
407 642 442 672 et
468 634 711 685 παρθενικᾶς
736 631 860 673 πόθος
891 647 923 668 v.
948 631 1000 668 59
1034 639 1223 682 utrumque
1242 621 1329 682 'quo
1354 633 1578 668 continentur
1604 633 1837 668 tetrastichon

127 702 311 739 Menalcae
339 703 536 750 assignant,
565 699 749 748 Daphnidi
767 699 821 735 vel
846 705 883 733 ut
910 697 1123 733 alternarum
1150 697 1374 746 stropharum
1397 711 1564 733 numerus
1591 704 1739 744 constet,
1766 711 1838 734 non

125 768 222 816 prior
247 772 384 802 tantum
407 766 469 802 sed
497 767 601 801 etiam
625 765 802 813 posterior
820 763 968 799 Milonis
995 763 1071 798 laus
1096 762 1244 798 concedi
1261 762 1385 810 debet3
1413 776 1483 798 neu
1500 763 1580 812 quis
1596 763 1734 798 hircum
1756 763 1839 798 hae·

125 833 259 881 dosque
286 832 414 867 rectius
442 845 462 866 a
490 830 656 867 Menalca
681 843 785 877 quam
818 843 837 863 a
861 827 1052 876 Daphnide
1080 828 1284 876 compellari
1318 829 1515 873 existimet,
1549 829 1587 863 in
1609 828 1679 863 hoc
1706 827 1836 877 Idyllio

127 897 225 932 illum
256 909 329 931 non
364 897 478 944 magis
514 908 618 943 quam
652 894 747 929 hunc
788 895 986 942 caprarium
1021 892 1222 929 habendum
1256 892 1368 929 videri
1401 906 1509 941 supra
1544 893 1685 938 monui,
1719 894 1840 937 immo,

128 966 296 1010 quantum
324 960 484 1010 equidem
512 960 647 1004 sentit),
685 965 745 994 ant
778 960 855 1006 ipse
892 958 1040 1006 pulcher
1071 958 1161 993 Milo
1195 971 1319 1007 capras
1353 959 1492 1006 pascit,
1527 964 1586 993 aut
1612 958 1689 1007 ejus
1717 959 1840 1007 gregis

127 1034 247 1074 pater,
274 1040 377 1075 quem
405 1026 532 1061 arbiter
557 1026 758 1060 certaminis
786 1038 908 1060 secum
935 1023 1054 1069 (luxit,
1090 1022 1135 1058 ad
1161 1023 1335 1060 Milonem
1372 1024 1547 1069 mittitur,
1585 1036 1656 1072 quo
1684 1022 1837 1058 artifieio

128 1093 234 1128 etiam
261 1091 358 1127 illum
382 1092 496 1139 ipsum
523 1092 560 1125 in
587 1104 668 1125 suas
696 1096 815 1138 partes
840 1102 966 1125 vocare
999 1088 1097 1124 haud
1127 1090 1245 1137 inepte
1272 1089 1437 1137 Daphnis
1467 1088 1639 1124 videatur.
1692 1087 1767 1124 Sed
1793 1087 1838 1124 de

128 1158 225 1192 exitu
253 1157 451 1192 certaminis
481 1156 667 1202 causisque
694 1155 884 1200 victoriae,
920 1167 1025 1202 quam
1052 1154 1235 1202 Daphnidi
1258 1155 1438 1202 caprarius
1464 1152 1663 1202 adjudicat,
1691 1152 1839 1188 difficile

124 1221 299 1271 judicium
326 1227 398 1266 cst,
435 1235 542 1270 quum
569 1221 797 1269 ignoremus,
832 1219 960 1267 ecquid
986 1225 1069 1267 post
1104 1226 1280 1255 extremos
1303 1218 1490 1255 Menalcae
1516 1231 1639 1254 versus
1667 1217 1840 1254 exciderit

131 1300 176 1322 an
199 1299 290 1332 n0n;
317 1286 402 1320 illud
429 1286 535 1321 modo
565 1285 751 1321 tenendum
775 1292 839 1330 est,
863 1285 906 1321 de
934 1299 1004 1334 quo
1030 1286 1138 1321 miror
1164 1297 1266 1320 secus
1291 1285 1446 1319 sensisse
1473 1282 1721 1318 Godofredum
1748 1283 1843 1318 Her-

128 1365 293 1386 maunum
310 1350 384 1400 59),
409 1351 544 1399 puellae
572 1364 726 1386 amorem
753 1364 860 1399 quum
887 1364 907 1385 a
943 1357 1014 1385 tota
1042 1349 1245 1399 Daphnidis
1274 1349 1392 1385 indole
1420 1356 1495 1386 tum
1526 1349 1569 1385 ab
1590 1349 1696 1398 hujus
1721 1349 1841 1398 Idyllii

131 1415 312 1464 partibus,
341 1429 431 1463 quae
459 1415 599 1463 quidem
623 1417 660 1450 in
686 1416 781 1450 hunc
808 1415 960 1462 cadant,
984 1429 1132 1464 prorsus
1159 1416 1309 1451 alienum
1332 1429 1410 1451 esse
1433 1421 1540 1464 utque
1567 1416 1643 1463 ipse
1665 1415 1842 1451 Herman-

131 1495 197 1517 nus
221 1477 353 1520 Ναΐδος
380 1493 522 1527 nomen,
550 1480 646 1529 quod
670 1481 870 1517 Meinekius
894 1481 1074 1518 intrudere
1102 1481 1226 1527 voluit,
1252 1480 1296 1516 ab
1320 1480 1510 1516 amoebaeo
1535 1481 1690 1516 carmine
1717 1481 1843 1529 procul

133 1548 257 1592 arcuit,
283 1548 332 1582 ita
360 1546 449 1581 nihil
473 1546 658 1594 Daphnidi
684 1547 791 1583 tribui
817 1548 935 1593 licere,
963 1547 1058 1597 quod
1084 1553 1224 1596 praeter
1250 1560 1374 1595 puram
1400 1545 1671 1595 pulchritudinis
1695 1546 1844 1582 admira-

132 1613 261 1647 tionem
294 1611 403 1646 ullum
436 1611 592 1647 libidinis
628 1614 815 1661 vestig-ium
844 1614 1038 1648 contineat.
1103 1612 1211 1648 Solus
1246 1611 1429 1649 Menalcas
1462 1612 1743 1664 γυναικοφίλοις
1775 1618 1843 1657 est,

135 1676 298 1724 Daphnis
319 1675 578 1724 Aristophanei
605 1677 698 1712 illius
727 1677 936 1726 exemplaris
964 1679 1076 1713 instar
1101 1675 1257 1728 σώφρονι
1284 1674 1469 1726 ἡλικιώτῃ
1498 1676 1648 1726 gaudet,
1686 1689 1752 1712 nec
1786 1676 1843 1712 vel

132 1742 269 1776 vocanti
295 1740 431 1789 puellae
458 1741 660 1789 respondet,
688 1742 750 1777 scd
778 1743 873 1791 quod
899 1742 992 1779 idem
1019 1742 1283 1791 Aristophanes
1300 1743 1337 1777 in
1364 1740 1596 1794 σωφροσύνης
1622 1743 1842 1792 argumentis

134 1807 253 1853 ponit,
283 1803 479 1845 εὐτάκτως
503 1809 542 1845 ἐν
566 1809 689 1846 ταῖσιν
714 1803 818 1847 ὁδοῖσι
846 1804 1015 1857 βαδίζειν
1034 1807 1098 1858 40),
1122 1808 1180 1843 ille
1204 1821 1326 1855 presse
1353 1821 1507 1856 sequens
1530 1807 1639 1847 κοέτω
1658 1805 1844 1856 &ſtridat-s,

133 1871 267 1919 inquit,
296 1870 369 1910 τοὶν
392 1869 585 1922 ἁμετέραν
613 1869 689 1910 ὁδόν
716 1869 859 1924 εἷρπονι
891 1873 1013 1910 eodem
1038 1875 1158 1923 igitur,
1184 1873 1278 1909 unde
1305 1873 1466 1921 profecta
1492 1880 1558 1920 est,
1585 1874 1696 1909 oratio
1723 1880 1846 1909 nostra

132 1935 246 1981 redit,
279 1942 317 1971 nt
344 1936 447 1971 etiam
472 1935 596 1971 Naidis
624 1938 903 1984 matrimonium,
942 1938 1039 1987 quod
1076 1945 1254 1974 extremus
1286 1938 1405 1987 Idyllii
1438 1952 1560 1975 versus
1583 1944 1749 1985 testatur,
1772 1951 1846 1974 non

135 2001 265 2036 amoris
289 2000 351 2036 sed
375 1999 607 2052 σωφροσύνης
634 2003 826 2050 praemium
852 2003 1053 2039 habendum
1080 2005 1139 2049 sit,
1166 2017 1282 2052 neque
1303 2010 1490 2053 antequam
1509 2005 1587 2052 ipso
1614 2004 1750 2052 frigore
1777 2004 1848 2039 Ve-

136 2065 230 2100 neris
257 2066 345 2100 iram
372 2067 568 2112 meruisset,
595 2066 784 2103 muliebres
813 2081 949 2104 amores
976 2071 1165 2118 expetiisse
1187 2071 1305 2118 potius
1328 2083 1433 2118 quam
1450 2070 1587 2106 formae
1607 2068 1782 2105 illecebris
1810 2074 1846 2106 et

136 2129 270 2164 musica
297 2130 462 2166 facultate
487 2131 554 2166 hos
581 2132 617 2166 in
642 2145 679 2167 se
707 2134 906 2168 concitasse
932 2133 1103 2170 videatur.

213 2270 257 2301 39)
276 2271 391 2304 Opuscc.
413 2275 445 2299 T.
468 2275 498 2306 V,
518 2285 545 2309 p.
567 2276 617 2300 842
648 2276 677 2300 lu'
695 2285 786 2301 versus
801 2276 929 2308 (57-60)
950 2283 980 2302 ue
997 2288 1030 2303 ex
1048 2284 1180 2312 postremo
1201 2288 1289 2304 eorum
1308 2283 1394 2313 patet,
1415 2288 1468 2303 rum
1485 2282 1599 2313 possunt
1615 2277 1757 2303 Menalcae
1777 2287 1843 2307 esse,

141 2318 204 2347 ⁸²⁸1,
225 2319 250 2343 εἰ
267 2320 372 2352 quidem
391 2323 427 2347 ad
447 2324 497 2349 hoe
517 2334 621 2350 carmen
639 2327 794 2359 pertinent,
815 2326 972 2359 Daphnidis
991 2333 1063 2352 sunl.

213 2376 258 2408 40)
278 2377 365 2402 Nubb.
386 2389 410 2403 v.
433 2382 499 2412 965;
521 2383 558 2407 cs·
582 2383 692 2408 Becker.
714 2384 831 2409 Charicl.
854 2385 886 2409 T.
910 2386 932 2413 Ι,
953 2395 978 2419 p.
1004 2387 1043 2411 58.
