1987 2594
938 128 1009 169 14

357 230 424 271 καὶ
451 230 498 272 τι)
520 227 550 271 δ’
575 228 659 269 ἐπεί
680 227 714 268 κ’
741 231 863 280 {copis
885 228 955 268 τείς
975 228 1168 280 παρθένος
1191 225 1247 268 οἷα
1275 231 1452 275 Ὑελίίντι,

359 295 494 336 τάκεοιι
519 291 755 343 ὄφθαλμώς,
782 291 837 333 ὅτι
861 291 901 332 ου’
925 292 1026 341 μετοὶ
1047 296 1149 332 ταῖσι
1172 292 1342 344 χορεύεις.

140 364 218 408 Qua
243 362 279 396 in
304 362 474 396 sententia
500 359 568 394 hoc
593 358 733 408 quidem
760 372 880 394 verum
911 364 984 402 est,
1018 357 1237 394 Mercurium
1272 364 1445 394 secretum
1474 358 1624 408 aliquem
1648 358 1711 394 filii
1737 373 1828 396 amo-

139 441 207 463 rem
235 426 409 474 augurari,
437 424 607 472 Priapum
634 422 721 457 nihil
748 421 816 457 tale
843 423 1015 470 suspicari
1024 437 1034 470 3
1060 421 1155 471 quod
1177 429 1291 458 autem
1315 422 1505 470 Priapum,
1529 423 1727 459 salacitatis
1755 438 1828 459 ma-

138 492 300 540 qislram,
334 488 504 536 Daphnin
539 487 734 523 salacitatis
768 487 928 521 incusare
964 487 1275 522 inconstantiamve
1312 487 1472 522 libidinis
1505 488 1540 522 in
1571 500 1610 522 eo
1647 488 1830 536 inerepare

137 566 236 602 posse
262 566 417 601 negans,
442 553 541 600 patri
557 552 675 599 potius
702 552 886 586 convenire
910 552 978 596 ait,
1014 557 1052 586 ut
1077 552 1234 600 quamvis
1261 551 1411 587 lascivus
1435 552 1595 601 alioquin
1623 558 1738 587 tamen
1766 553 1829 587 ad-

139 631 253 653 versus
276 617 391 666 filiam
416 617 612 665 qraviorem
638 616 821 650 vnonitoris
844 628 1030 663 personam
1053 621 1166 650 sumat
1193 616 1293 664 eique
1326 616 1575 651 continentiam
1599 617 1828 659 eontinendet,

138 683 256 718 neseio
282 681 458 729 quomodo
481 680 623 729 indigne
649 679 819 727 Daphnin
845 685 995 725 tractat,
1029 680 1060 714 si
1087 693 1286 728 quenquam
1312 685 1452 727 praeter
1474 680 1646 728 Priapum
1672 680 1829 715 libidinis

137 748 254 795 potius
282 760 385 795 quam
412 745 575 781 desiderii
603 744 761 780 morbum
788 746 826 779 in
852 758 893 780 eo
919 745 1092 792 suspicari
1117 745 1303 793 ipsumque
1324 750 1497 780 secretum
1516 744 1592 793 ejus
1618 758 1771 780 amorem
1788 758 1831 780 eo

139 812 346 860 detorquere
372 811 528 859 potuisse
551 816 667 857 putat,
704 816 744 845 ut
776 823 819 845 ne
845 823 915 845 una
939 809 1080 858 quidem
1104 810 1219 858 puella
1244 823 1322 845 eum
1348 816 1554 845 contentum
1582 823 1660 845 esse
1686 810 1830 844 insimu-

139 877 204 912 let!
257 875 369 924 Atqui
395 876 477 921 hic,
507 874 600 923 quod
627 874 810 910 commode
843 875 947 910 etiam
972 874 1188 911 VVelclzerus
1213 875 1302 910 vidit
1326 889 1361 923 p.
1388 873 1482 920 198,
1518 888 1643 910 50115115
1677 880 1731 910 051
1757 887 1832 910 ver-

139 942 281 987 borum,
317 939 383 980 καῖ
406 940 452 980 τι]
478 936 506 978 δ’
527 939 610 978 ὲπεῖ
637 938 670 978 κ’
696 942 818 991 ἐσορῇς
842 956 875 979 κ.
894 956 928 979 τ.
948 942 1004 983 λ.,
1036 946 1076 975 ut
1097 940 1266 988 Daphnin
1293 940 1383 975 hirei
1409 941 1520 975 instar
1546 939 1658 974 solum
1683 952 1832 987 regnare

139 1008 229 1042 inter
254 1006 407 1054 puellas,
434 1005 634 1054 solumque,
657 1011 696 1040 ut
721 1018 786 1040 nos
814 1005 850 1040 in
872 1004 1058 1053 proverbIO
1085 1004 1254 1051 dicimus,
1295 1005 1430 1054 qallam
1455 1006 1492 1040 ιή
1519 1010 1612 1040 corte
1639 1017 1717 1039 esse
1743 1003 1831 1039 velle

140 1073 382 1120 suspicentur,
418 1070 510 1119 quod
537 1070 714 1119 quomodo
740 1076 840 1118 pater
861 1070 954 1116 filio,
992 1084 1095 1119 quem
1122 1070 1296 1107 desiderio
1332 1071 1445 1119 perire
1471 1070 1586 1115 videt,
1619 1068 1832 1117 exprobrare

142 1137 324 1181 sustineat,
352 1149 454 1184 aegre
479 1136 673 1184 intelliga53
702 1135 826 1182 Priapi
854 1134 921 1169 alia
949 1147 1054 1170 causa
1081 1141 1145 1181 est,
1173 1136 1233 1184 qui
1249 1149 1356 1184 quum
1379 1135 1482 1170 altius
1506 1134 1717 1170 desiderium
1736 1146 1834 1181 prae-

140 1207 194 1236 ter
219 1199 395 1235 libidinem
419 1212 491 1234 non
517 1200 631 1245 norit,
666 1200 701 1234 in
728 1211 790 1244 00,
826 1212 929 1247 quem
955 1205 1077 1247 parato
1104 1212 1221 1235 amore
1248 1200 1382 1248 perfrui
1408 1199 1581 1235 nolentem
1608 1198 1834 1233 nihilominus

140 1264 320 1300 tabescere
345 1277 461 1299 amore
488 1263 599 1308 videt,
634 1263 720 1298 nihil
748 1264 816 1298 nisi
844 1265 956 1311 ipsam
983 1263 1137 1299 libidinis
1172 1265 1474 1312 intemperantiam
1501 1270 1605 1312 atque
1631 1264 1836 1297 inconstan-

146 1329 228 1364 tiam
255 1341 402 1376 arguere
427 1333 555 1376 potest.
607 1326 660 1362 At
686 1329 790 1363 etiam
825 1329 855 1363 si
881 1328 950 1364 hoc
984 1335 1079 1364 recte
1105 1328 1227 1374 habet,
1268 1335 1384 1364 tamen
1419 1335 1452 1364 et
1477 1328 1564 1364 illud
1595 1325 1837 1376 quaerendum

144 1399 267 1438 restat,
295 1406 384 1441 quae
410 1394 457 1428 sit
482 1390 583 1443 χώρα
610 1392 687 1438 illa,
715 1405 817 1440 quam
844 1393 996 1441 Priapus
1023 1407 1055 1428 v.
1077 1392 1129 1428 85

365 1455 492 1496 πάσας
513 1454 588 1495 α’νοὶ
615 1456 770 1506 nedum,
801 1455 916 1497 πάντ’
941 1455 1070 1497 ἄλσεα
1097 1455 1206 1497 ποσσῖ
1231 1458 1430 1509 φορεῖσθαι

145 1521 239 1567 111011,
263 1528 295 1557 01
320 1536 354 1557 v.
380 1521 432 1557 85
456 1522 572 1567 100110,
599 1522 690 1557 1111110
718 1522 790 1558 fere
818 1524 930 1558 omnis
956 1522 1233 1559 antecedentium
1261 1536 1340 1558 eum
1367 1521 1592 1572 sequentibus
1618 1534 1728 1557 nexus
1753 1534 1835 1569 pen-

146 1585 215 1631 det,
240 1586 325 1622 adeo
352 1586 502 1632 vacillat,
530 1593 567 1621 ut
592 1586 675 1635 quid
697 1587 911 1630 Theocritus
936 1589 1130 1636 scripserit,
1157 1600 1221 1636 pro
1240 1594 1334 1623 00110
1352 1600 1454 1623 1101110
1479 1587 1582 1622 facile
1603 1585 1836 1634 affirmet41);

146 1650 271 1699 quibus
302 1652 338 1685 in
370 1650 515 1686 salebris
542 1651 612 1686 1100
646 1651 767 1687 saltem
802 1652 994 1688 curandum
1019 1659 1091 1698 est,
1117 1666 1162 1688 ne
1186 1652 1273 1687 falsa
1301 1651 1440 1687 fabulae
1471 1651 1761 1699 interpretatione
1785 1662 1837 1685 sc—

147 1715 243 1751 ducti
270 1723 329 1751 aut
354 1717 500 1764 puellam
525 1717 616 1751 illam
646 1730 723 1751 cum
751 1730 821 1752 una
848 1731 890 1754 ex
913 1719 977 1764 iis,
1007 1730 1092 1766 quas
1120 1717 1234 1752 adhuc
1263 1729 1340 1752 cum
1362 1715 1563 1765 Daphnidis
1587 1715 1732 1750 historia
1755 1713 1836 1762 jun-

148 1787 220 1815 ctas
245 1782 451 1826 invenimus,
480 1781 748 1827 confundamus,
776 1789 833 1818 aut
857 1784 967 1830 ipsam
994 1782 1194 1830 Daphnidis
1218 1796 1403 1830 personam
1426 1782 1469 1817 ad
1494 1781 1626 1816 alienos
1643 1792 1755 1815 mores
1783 1778 1839 1814 de-

148 1852 381 1894 torqueamus.
440 1845 560 1893 Atque
594 1846 662 1882 1100
697 1847 827 1882 rectius
865 1861 967 1896 quam
1002 1847 1159 1896 plerique
1179 1846 1232 1896 42)
1264 1860 1333 1882 non
1356 1845 1572 1882 VVelckerus
1607 1850 1741 1879 tantum
1777 1841 1840 1877 sed

221 1963 263 1993 41)
287 1964 405 1987 Proxime
424 1964 457 1987 nd
477 1963 570 1996 optimi
590 1963 650 1987 cml.
673 1962 785 1988 Mediol.
811 1964 819 1988 1
843 1965 984 1990 lectionem
1005 1965 1105 1993 ζιὶτεισα
1125 1966 1234 1990 accedet
1253 1965 1325 1992 ζητεῖ
1337 1963 1358 1988 n’
1377 1958 1403 1996 11³,
1423 1963 1496 1997 quod
1515 1961 1657 1995 participio
1677 1964 1749 1985 certe
1769 1960 1839 1994 pari-

149 2017 189 2038 ter
208 2021 237 2037 ae
259 2013 404 2036 Hei-manni
425 2013 580 2045 imperativo
601 2013 641 2036 vel
660 2013 794 2037 infinitivo
815 2013 934 2041 ζιηηῖσιιι
953 2017 1074 2048 praefero
1087 2035 1093 2045 ,
1119 2025 1196 2049 quem
1217 2016 1262 2049 qui
1285 2015 1403 2047 recepit,
1431 2021 1482 2037 11011
1503 2011 1661 2043 recogitavit
1680 2009 1838 2034 abscondita

149 2066 251 2088 tantum
278 2064 385 2096 quaeri,
417 2071 469 2086 non
495 2071 562 2095 quae
587 2066 648 2086 ante
675 2064 767 2087 oculos
795 2065 881 2097 palam
907 2067 1005 2090 versari
1033 2066 1173 2095 dicentum
1201 2066 1255 2090 sive
1284 2064 1391 2088 verbum
1419 2062 1520 2096 requiri
1552 2061 1689 2088 videatur,
1718 2059 1789 2093 quod
1807 2059 1840 2082 “d

150 2112 299 2146 Daphnidis
320 2113 500 2136 conditionem
518 2117 634 2145 spectet,
663 2113 828 2145 postliminio
848 2117 1025 2140 revocaverim
1047 2116 1214 2140 Boissonndii
1234 2114 1417 2148 conjecturam
1439 2111 1558 2146 quamvis
1578 2110 1610 2134 nb
1631 2110 1689 2143 ipso
1708 2109 1840 2142 posterius

151 2161 282 2194 abjectam
303 2160 386 2188 ζαλοῐς
406 2156 436 2191 ι’ἷ,
460 2162 532 2194 quod
557 2162 690 2194 quomodo
717 2171 730 2186 11
756 2163 848 2188 multis
873 2164 900 2188 iu
920 2164 1025 2192 ζατοῖσα
1045 2166 1178 2198 corrumpi
1198 2164 1317 2198 potuerit
1330 2182 1338 2192 ‚
1368 2166 1462 2195 sponte
1482 2163 1564 2194 patet.
1603 2159 1747 2184 Abrensius
1766 2159 1839 2191 quod

152 2219 236 2243 nuper
255 2211 356 2243 recepit
374 2209 439 2237 ζηλῶ
459 2209 480 2235 σ’
500 2206 515 2234 [Ξ
540 2214 566 2234 01
585 2211 690 2244 longius
710 2212 786 2236 etiam
807 2221 821 2236 n
842 2213 970 2238 librorum
992 2214 1110 2246 vestigiis
1132 2214 1233 2238 recedit
1246 2217 1272 2237 et
1285 2213 1346 2245 quia
1367 2211 1445 2235 nimis
1458 2211 1579 2234 universe
1599 2209 1700 2233 dicitur
1720 2208 1838 2240 languet.

223 2268 265 2297 42)
288 2268 431 2292 praeeunte
450 2269 553 2293 seilicet
572 2268 719 2293 Scholiasta
734 2288 741 2298 ,
766 2271 811 2303 qui
839 2271 872 2295 ad
893 2272 911 2297 1.
931 2272 963 2295 65
984 2271 1048 2296 haec
1068 2271 1217 2296 annotavit:
1243 2271 1326 2300 μέλλει,
1344 2270 1371 2294 ὀὶ
1391 2267 1476 2302 ᾅδειν,
1506 2266 1531 2292 ὃν
1549 2264 1669 2300 τρόπονὸ
1690 2265 1787 2295 Διὶφνις
1805 2267 1841 2298 μή

153 2315 288 2346 δυνάμενος
303 2319 381 2350 φέρειν
399 2315 442 2342 τᾶν
462 2319 506 2351 τῆς
523 2319 609 2346 Ξενίας
628 2316 739 2346 winone:
758 2318 856 2352 νύμφης
874 2320 955 2353 ἔρωτα
983 2319 1087 2345 αἶπὲλιπε
1110 2318 1140 2344 ἰδ
1160 2319 1217 2355 ζῇν,
1243 2320 1329 2353 adque
1350 2319 1408 2344 Vll.
1428 2317 1460 2341 74
1481 2318 1521 2341 vel
1541 2325 1572 2340 eo
1593 2316 1723 2350 processit
1743 2319 1772 2339 ut
1791 2313 1841 2344 αἷμ-

154 2369 281 2394 ᾳεπολιῖτο
301 2367 333 2390 ad
354 2367 440 2391 ‚Enim
459 2367 558 2401 quippe
578 2367 743 2399 ψηλαφοιῖσιιν
764 2366 805 2391 τὼ·
826 2367 924 2397 Δάφνιν
943 2370 1069 2399 referret;
1090 2378 1200 2402 quorum
1215 2369 1347 2402 posterius
1360 2367 1408 2393 etsi
1424 2366 1585 2391 recentiores
1608 2369 1678 2390 recte
1698 2365 1841 2391 evitarunt,
