1987 2594
85 9 87 11 ’
132 30 171 80 ᾗ»,
185 8 224 66 ἶ

970 142 1051 183 lV

168 252 393 292 conciliare
425 256 496 290 aut
526 264 642 289 suam
672 246 823 301 cuique
861 244 1172 299 simplicitatem
1212 249 1253 283 et
1288 245 1496 299 originem
1527 245 1704 285 reddere
1735 261 1858 287 cona-

167 325 333 368 rentur3
372 317 509 371 ipsum
536 314 716 368 denique
748 310 967 351 Theocriti
998 309 1190 364 idyllium
1216 310 1422 365 primum,
1462 311 1585 366 cujus
1615 311 1858 353 luculentis-

165 387 267 426 sima
297 398 394 438 pars
425 383 468 423 in
485 379 720 436 Daphnidis
749 378 919 418 fortuna
938 376 1216 416 describenda
1234 383 1442 428 versatur,
1474 384 1611 418 tantas
1635 384 1676 418 et
1689 378 1857 434 legendi

166 459 206 493 et
234 448 537 505 interpretandi
569 445 837 487 difficultates
869 444 1010 495 offert,
1039 450 1084 483 ut
1114 458 1189 499 per
1218 458 1263 484 se
1293 444 1429 484 solum
1456 444 1545 499 jam
1566 445 1668 485 satis
1684 446 1856 486 criticos

165 516 413 559 exercuerit.
481 514 607 554 Mitto
646 511 953 562 Hardionium,
995 511 1067 565 qui
1103 510 1146 549 in
1177 510 1307 550 Mem.
1343 509 1394 550 de
1425 509 1597 551 l’Acad.
1640 511 1681 551 d.
1718 512 1851 552 Inscr.

163 586 214 625 T.
245 584 305 624 VI
336 598 380 637 p.
416 579 511 620 459
543 594 620 635 pro
652 579 765 618 illius
797 578 945 617 aetatis
975 591 1092 616 more
1131 577 1212 616 hoc
1243 577 1380 617 solum
1408 578 1517 632 egit,
1558 584 1604 618 ut
1635 579 1776 618 omnia
1803 578 1856 618 ad

161 650 342 692 hominis
372 648 569 702 alicujus,
602 645 875 686 illustrissimi
899 643 1067 684 Siciliae
1084 644 1250 697 poetae,
1279 643 1365 683 fata
1398 649 1640 696 revocaret3
1674 644 1750 684 sed
1777 658 1854 684 nec

162 716 421 771 Lennepius‚
455 715 526 769 qui
557 713 723 753 doctam
755 718 796 751 et
811 716 1048 751 accuratam
1066 709 1117 749 de
1138 709 1360 764 Daphnide
1375 711 1596 750 Theocriti
1617 716 1658 751 et
1677 711 1855 752 aliorum

161 782 487 838 disputationem
516 779 695 820 inseruit
724 778 909 817 Instituti
940 777 1060 831 Belg.
1094 776 1159 816 Cl.
1193 777 1342 816 tertiae
1376 776 1540 817 Comm.
1578 778 1631 817 T.
1666 777 1706 817 11
1738 777 1850 833 (Am-

158 849 251 890 stel.
280 846 417 899 1820,
439 863 480 902 p.
506 844 591 885 157
610 844 737 899 sqq),
768 843 974 883 satisfecit
999 842 1249 894 Welclzero,
1282 843 1403 897 cujus
1435 844 1643 883 sententia
1672 844 1854 898 primum

156 918 200 956 in
232 930 408 956 censura
438 913 569 954 libelli
600 912 651 951 de
683 910 915 951 Stesichori
948 910 1029 949 vita
1060 910 1373 964 carminumque
1405 910 1596 965 reliquiis
1627 926 1650 950 a
1682 910 1852 951 Rleinio

158 983 260 1023 editi
291 981 507 1036 proposita
537 978 678 1035 (Jahn.
713 977 891 1017 Jahrhh.
927 976 968 1016 d.
1003 976 1161 1016 Philol.
1198 975 1336 1028 1829,
1369 977 1420 1016 P.
1443 977 1525 1029 IX,
1558 992 1600 1032 p.
1627 975 1725 1017 284
1741 977 1851 1032 sqq.)

159 1052 209 1090 ab
251 1048 398 1089 codem
435 1047 609 1101 repetita
649 1050 712 1084 est
750 1045 793 1084 in
832 1044 901 1083 El.
941 1043 1155 1083 Schriften
1187 1059 1223 1083 z.
1258 1044 1420 1097 griech.
1455 1043 1692 1098 Lit.gesch.
1727 1044 1780 1083 T.
1816 1044 1851 1095 Ι,

155 1117 278 1157 Bonn
299 1113 438 1154 1844.
462 1112 508 1164 8,
529 1128 570 1167 p.
603 1110 693 1150 189
708 1126 801 1166 sqq.
820 1127 831 1157 ς
854 1124 930 1149 nec
952 1110 1207 1150 WVelclzerus
1228 1109 1505 1162 DoederlinQ
1538 1111 1662 1165 cujus
1681 1110 1852 1150 Lectio-

158 1197 232 1222 nes
264 1181 538 1221 Theocriteac
570 1177 715 1218 itidem
746 1191 855 1217 novo
887 1177 1133 1217 Prorectori
1166 1176 1468 1217 consalutando
1498 1177 1709 1232 Erlangac
1729 1175 1853 1216 1845

159 1249 293 1289 editae
325 1248 544 1287 maximam
570 1251 730 1299 partem
760 1244 803 1283 in
835 1243 1071 1298 Daphnidis
1099 1243 1239 1283 fabula
1268 1249 1508 1295 versantur3
1542 1249 1776 1299 praeterea,
1807 1249 1853 1283 ut

159 1315 336 1355 aliorum
362 1314 616 1353 mentionem
650 1312 693 1350 in
724 1310 913 1363 sing-ulos
943 1311 1061 1350 locos
1097 1310 1311 1361 differam,
1355 1311 1608 1350 Rlausenius
1639 1312 1682 1350 in
1713 1316 1852 1350 vastae

159 1396 206 1422 ac
239 1381 438 1421 confusae
467 1379 684 1419 doctrinae
714 1392 842 1432 opere
860 1377 1029 1417 Aeneas
1048 1376 1132 1415 und
1151 1376 1218 1416 dic
1236 1377 1440 1428 Penaten,
1474 1377 1628 1416 Hamb.
1650 1376 1786 1416 1859.
1802 1376 1848 1429 8,

159 1451 212 1489 Τ.
246 1450 281 1497 1,
310 1464 353 1503 p.
387 1445 478 1486 518
509 1461 602 1500 sqq.
640 1446 746 1484 hanc
781 1459 948 1499 quoquc
980 1444 1163 1483 fabulam
1194 1444 1237 1483 in
1276 1458 1416 1482 earum
1449 1443 1639 1483 ordinem
1672 1443 1850 1499 redegit,

161 1518 310 1572 quibus
329 1528 590 1555 communem
609 1513 858 1551 T101c¹11um
879 1511 1130 1564 religionum
1154 1511 1322 1550 notam
1311 1511 1551 1565 lmprimeie
1569 1517 1744 1551 conatus
1770 1517 1847 1551 est

160 1583 364 1637 Equidem
396 1580 496 1635 quid
528 1580 578 1619 de
607 1578 829 1633 Daphnide
861 1578 1117 1617 Theocritco
1146 1578 1367 1629 sentirem,
1403 1578 1547 1632 paucis
1573 1577 1663 1631 jam
1694 1578 1848 1632 signifi-

161 1650 250 1690 cavi
285 1650 329 1688 in
372 1649 446 1698 iis,
482 1660 587 1701 quae
623 1646 667 1684 in
707 1645 822 1684 Gott.
863 1634 946 1698 gel.
985 1645 1202 1698 Anzeigen
1242 1642 1389 1695 1845,
1426 1659 1468 1698 p.
1509 1642 1632 1682 1072
1659 1659 1753 1699 sqq.
1797 1644 1847 1683 de

159 1715 378 1756 WVelclzcri
406 1714 515 1753 lib1o
547 1711 777 1767 disputavi,
814 1725 891 1750 nec
919 1725 1029 1750 nunc
1064 1710 1157 1765 plus
1186 1710 1287 1750 mihi
1318 1725 1465 1762 sumo,
1498 1710 1621 1765 quam
1652 1716 1697 1749 ut
1732 1710 1848 1750 illam

160 1781 431 1831 sententiam,
461 1779 582 1833 cujus
612 1777 799 1817 nondum
828 1792 894 1816 me
924 1778 1154 1832 poenituit,
1189 1776 1463 1831 amplioribus
1492 1777 1749 1831 argumentis
1779 1777 1847 1816 fir-

159 1864 267 1888 mem
305 1853 346 1887 et
379 1861 455 1901 per
491 1845 678 1899 singulos
721 1845 938 1884 Theocriti
977 1844 1096 1884 locos
1134 1844 1190 1883 ita
1234 1857 1487 1897 persequar,
1529 1849 1574 1883 ut
1607 1843 1707 1898 quid
1745 1844 1848 1884 mihi

161 1931 255 1957 cum
285 1914 377 1954 aliis
406 1912 649 1963 conveniat,
696 1911 798 1966 quid
833 1926 943 1962 non,
991 1911 1169 1950 fideliter
1207 1910 1415 1965 aperiam3
1460 1909 1504 1949 id
1538 1911 1676 1964 ipsum
1708 1915 1847 1951 tamen

161 1996 287 2037 quum
317 1984 508 2019 accurate
538 1978 629 2017 fieri
660 1992 743 2017 non
770 1978 921 2032 possit,
954 1978 1055 2031 quin
1084 1977 1213 2017 totius
1244 1975 1408 2015 fabulae
1440 1975 1626 2016 indolem
1657 1982 1698 2016 et
1728 1982 1846 2016 natu-

161 2064 249 2089 ram
279 2045 580 2100 disceptatione
612 2043 977 2098 comprehendam,
1009 2049 1208 2099 quantum
1234 2041 1287 2081 ad
1314 2042 1533 2082 Theocriti
1560 2044 1687 2084 verba
1716 2042 1846 2096 expli-

162 2113 293 2155 canda
320 2113 513 2153 conferre
542 2111 644 2150 mihi
675 2111 925 2165 contigerit,
965 2110 1208 2151 tantundem
1247 2109 1370 2148 etiam
1404 2109 1456 2148 ad
1485 2108 1722 2164 Daphnidis
1751 2124 1846 2163 per-

162 2195 306 2222 sonam
334 2177 623 2219 illustrandam
653 2178 894 2231 pertinebit.

248 2264 300 2303 P.
331 2264 382 2304 P.
417 2264 460 2303 in
488 2260 716 2301 Academia
746 2260 925 2314 Georgia
957 2262 1147 2314 Augusta
1180 2258 1274 2298 Hal.
1314 2258 1428 2312 Sept.
1460 2273 1497 2296 a.
1526 2256 1843 2299 MDCCCLHI.
