1987 2594
966 123 1035 165 13

942 283 1039 334 Ill.

704 378 795 420 Be
837 378 1048 431 Idyllio
1083 379 1286 433 primo.

242 472 328 507 «Iam
354 484 436 506 vero
463 471 508 506 ad
535 470 650 506 tabem
680 471 772 506 illam
800 472 1008 521 fatalemque
1036 486 1188 508 amorem
1214 474 1510 523 progrediendum
1535 484 1608 524 est,
1635 481 1735 530 cujus
1762 482 1844 518 licet

143 544 178 574 et
203 550 342 572 causam
368 543 403 571 et
428 537 557 571 exitum
581 536 655 584 jam
682 538 869 584 septimum
894 537 1060 585 Idyllium
1083 538 1354 586 significaverit,
1381 546 1558 576 auctorem
1585 550 1700 580 tamen
1728 553 1763 582 et
1786 547 1843 583 de-

143 615 282 637 cursum
308 601 459 649 primum
484 600 621 636 demum
660 602 788 649 aperit,
828 614 1028 650 quanquam
1054 616 1098 638 ne
1124 602 1230 651 hujus
1256 604 1396 651 quidem
1422 607 1512 641 ratio
1539 613 1574 642 et
1600 618 1843 658 argumentum

141 667 243 714 plene
268 665 417 713 intelllgi
449 672 587 712 potest,
613 667 680 700 nisi
706 679 826 701 eorum
853 667 1099 712 recordamur,
1138 681 1227 715 quae
1248 668 1320 703 illic
1349 683 1392 704 ex
1414 670 1544 718 ipsiuS,
1583 679 1621 708 ut
1646 676 1842 722 suspicatus

141 745 240 776 sum,
267 729 389 778 populi
417 743 476 765 ore
498 737 664 778 tanquam
692 732 797 766 totius
826 730 963 767 tabulae
985 745 1155 767 summam
1183 733 1396 770 Theocritus
1423 737 1618 783 proposuit.
1671 737 1844 775 Nimirum

139 801 343 844 pereuntem
366 808 484 830 amore
511 794 680 842 Daphnin
707 797 961 844 conspicimus3
1001 810 1105 845 quam
1128 804 1243 832 autem
1271 805 1381 844 amet,
1417 800 1453 834 in
1479 801 1592 848 primo
1619 802 1745 850 Idyllio
1773 817 1843 839 non

141 861 309 909 legimus,
337 872 412 895 eam
439 860 530 894 enim
557 859 726 907 puellam,
754 873 862 907 quae,
889 868 928 896 ut
952 875 985 896 v.
1011 860 1062 895 85
1087 868 1154 906 est,

364 922 491 963 πείσας
518 923 592 962 tiva*
620 923 769 974 κρείνας,
795 923 910 964 πάντ’
932 923 1061 964 ἄλσεα
1083 925 1191 966 ποσσῖ
1214 930 1393 978 φορεῖται,

141 988 298 1035 quamvis
324 987 421 1021 illum
447 1000 562 1022 amare
594 987 764 1033 videatur,
791 989 946 1024 vicissim
979 989 1022 1023 ab
1050 989 1108 1024 illo
1132 993 1241 1027 amari
1269 1006 1381 1041 neque
1411 995 1487 1042 ipse
1515 994 1727 1032 Theocritus
1754 999 1841 1033 indi-

142 1058 216 1097 cat,
238 1063 304 1086 nec
328 1052 515 1087 verisimile
543 1065 620 1087 esse
643 1052 718 1100 jam
741 1052 785 1087 ad
811 1053 996 1100 septimum
1020 1052 1184 1101 Idyllium
1208 1057 1367 1102 exposui,
1400 1058 1431 1091 si
1457 1057 1596 1105 quidem
1623 1060 1675 1104 is,
1702 1062 1761 1108 qui
1783 1075 1841 1109 pa-

140 1117 208 1152 rati
241 1117 369 1152 amoris
404 1116 611 1152 abstinentia
644 1116 821 1162 tabescat,
870 1131 942 1151 non
972 1117 1144 1153 desiderio
1181 1119 1242 1154 sed
1275 1120 1420 1157 libidine
1457 1129 1637 1171 aegrotare
1670 1125 1840 1172 videatur,

139 1194 243 1229 quem
267 1180 426 1216 morbum
453 1187 488 1216 et
518 1195 537 1216 a
564 1195 713 1229 persona
733 1181 932 1229 Daphnidis
952 1182 1102 1217 alienum
1120 1185 1311 1233 antiquitas
1328 1185 1460 1232 habuit,
1488 1193 1523 1222 et
1539 1188 1654 1224 sicubi
1676 1189 1841 1226 traditum

139 1249 351 1296 accepisset,
385 1248 438 1283 vel
459 1247 612 1289 ludibrio
636 1248 730 1297 quali
756 1248 813 1282 hie
841 1249 994 1296 Priapus
1021 1249 1148 1294 utitur,
1182 1249 1236 1284 vel
1263 1251 1294 1285 si
1320 1252 1468 1287 maxime
1494 1255 1758 1301 temperantiam
1783 1256 1842 1290 ad-

138 1313 342 1358 miraretur,
375 1314 497 1361 quavis
525 1313 593 1348 alia
618 1313 720 1348 laude
752 1314 869 1361 potius
907 1326 1010 1361 quam
1039 1312 1147 1348 flebili
1184 1315 1337 1350 carmine
1366 1314 1512 1363 dignum
1544 1317 1737 1354 habuisset.
1789 1320 1842 1356 At

138 1377 244 1426 longe
272 1377 339 1412 alia
361 1377 519 1425 ejusdem
545 1379 672 1413 amoris
702 1390 807 1412 causa
830 1384 894 1423 est,
921 1378 952 1412 si
976 1384 1057 1425 post
1084 1377 1246 1413 diuturna
1272 1379 1492 1427 popularium
1520 1395 1676 1417 amorum
1701 1383 1841 1419 fastidia

137 1442 358 1490 peregrinam
380 1448 414 1477 et
438 1444 597 1491 ignotam
623 1443 776 1491 speciem
803 1442 911 1478 semel
945 1455 986 1477 ac
1021 1443 1167 1478 fortuito
1189 1442 1341 1480 oblatam
1364 1445 1565 1493 Daphnidis
1594 1448 1748 1482 animum
1786 1461 1840 1483 ce—

138 1507 234 1554 pisse
261 1507 446 1542 statuimus
455 1522 466 1554 5
492 1507 584 1542 hanc
607 1508 698 1542 enim
725 1520 795 1543 non
821 1507 961 1542 fruendi
987 1513 1120 1542 tantum
1148 1507 1312 1556 cupidine
1339 1508 1400 1545 sed
1427 1524 1510 1546 vero
1536 1518 1571 1547 et
1596 1512 1732 1548 interno
1752 1512 1841 1548 desi-

140 1571 238 1607 derio
263 1573 428 1620 persequi
452 1578 606 1620 poterat,
641 1572 785 1608 eandem
810 1586 892 1608 vero
917 1574 948 1608 si
974 1574 1088 1621 primo
1115 1573 1244 1628 ldyllio
1269 1574 1357 1611 duce
1384 1589 1404 1610 a
1430 1577 1569 1613 Venere
1595 1578 1684 1614 irata
1708 1578 1759 1613 illi
1781 1579 1841 1614 ob-

136 1636 266 1685 jectam
294 1650 371 1672 esse
399 1637 584 1683 credimus,
607 1644 641 1673 et
665 1639 741 1686 ipsa
764 1638 822 1673 illa
848 1640 1082 1687 peregrinitas
1109 1646 1144 1675 et
1169 1639 1276 1674 altum
1303 1640 1500 1688 Daphnidis
1519 1641 1561 1678 de
1578 1643 1722 1679 muliere
1738 1644 1840 1680 silen-

140 1702 224 1736 tium
250 1701 528 1738 commodissime
554 1703 767 1751 explicatur,
798 1717 912 1751 neque
938 1704 976 1738 in
1003 1704 1150 1752 singulis
1177 1704 1282 1753 hujus
1309 1704 1426 1753 Idyllii
1452 1706 1609 1754 partibus
1637 1709 1839 1756 quicquam,

141 1765 238 1814 quod
263 1766 307 1801 ad
329 1767 440 1814 ipsam
466 1767 648 1802 historiam
674 1767 918 1815 Daphnidisve
944 1781 1059 1804 mores
1086 1770 1282 1817 pertineat,
1318 1770 1507 1806 obscurum
1532 1772 1698 1808 manebit.
1753 1773 1839 1809 Sola

140 1831 265 1879 Priapi
287 1831 419 1875 oratio,
454 1844 543 1880 quae
571 1845 605 1867 v.
630 1831 678 1867 81
715 1833 929 1878 instituitur,
958 1834 1069 1881 primo
1098 1833 1266 1881 adspectu
1289 1834 1394 1870 habet
1422 1835 1518 1884 quod
1541 1837 1715 1884 offendat,
1749 1851 1837 1887 quae

141 1894 227 1930 adeo
251 1895 467 1931 Doederlino
492 1897 539 1931 ita
566 1895 704 1932 demum
730 1898 767 1931 in
790 1896 946 1932 ordinem
973 1898 1084 1947 redigi
1108 1912 1214 1947 posse
1238 1900 1310 1933 visa
1333 1906 1397 1945 est,
1425 1907 1463 1935 ut
1485 1901 1633 1948 plurima
1659 1901 1735 1950 ejus
1754 1916 1836 1950 pars

141 1959 185 1994 ad
210 1960 426 1996 Mercurium
447 1960 647 2008 Daphnidis
675 1968 808 2009 patrem
835 1961 1102 2007 transferretur,
1137 1976 1240 2010 quem
1267 1976 1372 2010 quum
1396 1964 1607 2001 Theocritus
1640 1981 1670 2001 v.
1701 1966 1748 2001 77
1770 1968 1837 2014 pri-

140 2038 233 2059 mum
260 2026 454 2060 venientem
481 2026 597 2074 itaque
623 2026 792 2074 Daphnin
819 2026 1050 2075 alloquentem
1077 2026 1221 2062 fecerit:

365 2090 418 2129 τίς
446 2105 492 2128 τυ
518 2088 776 2141 κατατρύχεις
804 2089 897 2130 τίνος
922 2088 1061 2137 ὦγαθε
1087 2089 1215 2130 τόσσον
1243 2094 1394 2142 ἑρᾱσαι5

140 2152 372 2189 Doederlinus
399 2153 510 2189 eidem
533 2168 565 2189 v.
592 2153 740 2189 86-91
769 2154 911 2200 tribuit,
938 2156 998 2203 qui
1026 2155 1131 2204 vulgo
1158 2157 1288 2204 Priapo
1316 2158 1582 2193 continuantur:

362 2216 506 2263 βούτας
530 2218 607 2265 μεῖν
634 2219 793 2266 ἑλέγευ,
820 2223 882 2258 νῦν
909 2216 938 2258 δ’
963 2219 1113 2272 αἰπόλῳ
1140 2216 1243 2271 α’νὸρῖ
1268 2221 1406 2261 ἔοικας·

362 2279 506 2332 ᾥπολος
529 2280 608 2322 ὅκκ’
635 2287 740 2335 ἐσορῇ
765 2283 837 2323 τοίς
863 2280 1039 2330 μακάὸας
1061 2281 1117 2325 οἷα
1140 2285 1366 2331 βατεῦνται,

365 2345 526 2386 τάκεται
554 2347 791 2399 ὀφθαλμώς,
816 2346 871 2389 ὅτι
892 2348 932 2389 ου’
956 2349 1092 2400 τράγος
1119 2349 1232 2391 αὐτὸς
1252 2352 1381 2398 ἔγεντο
1405 2379 1436 2385 .-

1472 2428 1497 2449 .)
