1987 2594
1001 126 1068 170 1?

178 229 342 278 Daphnis
367 229 455 265 haec
481 227 690 277 respondet:

406 292 535 344 Κύπρι
563 292 796 341 νεμεσσατοί,
818 291 946 345 Κύπρι
970 294 1172 336 ’θνατοῖσιν
1197 294 1404 344 α’πεχθής·

404 354 471 405 ἤδη
496 357 572 409 γάρ
595 353 739 409 φράσὸῃ
764 357 891 400 πάνθ’
915 356 1026 399 ἅλιον
1046 358 1144 408 ἄμμι
1171 356 1354 408 ὃεὸύκεινς

405 421 554 474 Δάφνις
580 424 660 463 κεῖν
684 420 794 463 Ἀΐδα
822 423 941 463 κακόν
968 425 1120 465 ἔσσεται
1140 424 1263 475 ἄλγος
1281 424 1437 476 ”Eme

180 489 284 534 Quae
312 489 556 534 comminatio,
583 495 753 536 quantum
785 489 951 538 equidem
977 492 1112 537 sentio,
1139 492 1176 526 in
1201 492 1278 540 ejus
1304 505 1386 537 ore,
1422 492 1485 540 qui
1511 505 1549 528 se
1575 500 1719 541 propter
1746 493 1891 530 eandem

179 555 350 603 puellam,
383 555 420 588 in
444 567 512 602 qua
538 552 687 589 Amoris
714 555 782 589 vim
810 555 960 604 fregisse
985 556 1078 602 vult,
1117 558 1232 604 perire
1265 558 1389 603 sentit,
1426 558 1512 593 satis
1547 571 1635 593 vana
1662 565 1768 607 atque
1794 560 1892 594 irrita

180 627 236 656 est
247 619 318 669 4·7);
347 633 461 668 neque
487 620 579 654 enim
606 621 723 655 animo
750 621 903 656 invictus
930 633 1078 669 corpore
1109 628 1244 657 tantum
1280 622 1475 668 occumbit,
1511 628 1550 658 ut
1582 623 1811 659 immortalem
1838 626 1891 660 sui

179 692 311 734 partem
345 685 509 720 infestam
543 685 677 720 Veneri
712 699 913 721 mansuram
944 686 1080 735 jactare
1114 687 1246 734 possit,
1278 687 1342 722 sed
1374 694 1413 723 ut
1445 694 1542 724 recte
1575 687 1814 724 Doederlinus
1843 690 1891 724 ait

180 752 298 785 animo
332 748 531 797 Daphnidis
565 750 677 794 victo,
712 750 743 784 si
775 763 843 799 qua
866 751 1014 786 victoria
1049 751 1195 799 gloriari
1221 758 1360 798 potest,
1395 754 1556 800 corporis
1582 759 1656 797 est,
1689 754 1783 801 quod
1810 767 1891 790 con-

180 816 301 851 cubitu
327 828 406 850 eum
431 814 546 862 puella
569 814 758 862 abstinuit,
787 815 916 864 quodsi
942 816 1170 851 nihilominus
1197 829 1327 864 corpus
1347 817 1451 852 simul
1469 831 1548 853 cum
1568 819 1684 854 animo
1701 819 1890 863 occumbit,

179 888 250 917 tam
274 881 395 929 plene,
423 881 569 928 opinor,
591 878 706 916 Amor
730 881 905 926 vinceret,
931 887 971 916 ut
994 882 1144 930 exig-uus
1172 881 1372 930 gloriationi
1395 883 1496 918 locus
1524 883 1792 931 relinqueretur,
1820 886 1887 919 nisi

179 947 247 982 alia
273 952 455 994 praeterea
476 946 628 981 hominis
662 947 812 982 victoria
846 953 1019 992 exstaret,
1055 946 1157 995 cujus
1192 949 1361 983 memoria
1387 961 1431 983 ne
1457 954 1612 984 extrema
1641 949 1781 998 quidem
1810 950 1886 998 ejus

179 1011 279 1047 clade
305 1012 598 1059 exstingueretur.
650 1011 826 1046 Nimirum
850 1012 1050 1047 memoriam
1078 1012 1251 1046 castitatis
1274 1025 1358 1048 suae
1385 1026 1429 1048 ne
1449 1014 1502 1048 sic
1531 1013 1673 1062 quidem
1698 1016 1887 1061 perituram

180 1090 257 1112 esse
283 1077 511 1121 vaticinatur,
538 1077 641 1112 etiam
669 1077 699 1111 si
721 1077 853 1124 speciei
877 1076 1042 1112 divinitus
1075 1076 1212 1112 oblatae
1240 1077 1414 1113 desiderio
1442 1078 1662 1126 pereundum
1691 1081 1756 1124 sit,
1781 1080 1887 1128 idque

179 1143 294 1190 ipsum
328 1148 382 1177 est
407 1140 525 1180 κακόν
551 1139 674 1188 ἄλγος
694 1139 847 1192 ’'Epeo-ra,
874 1140 971 1190 quod
991 1143 1193 1177 etiamnunc
1220 1142 1385 1190 Daphnis
1412 1149 1580 1191 tanquam
1597 1150 1715 1179 castus
1738 1144 1888 1180 celebra-

180 1214 238 1242 tur
247 1222 257 1254 3
279 1220 369 1255 quae
389 1213 506 1242 tamen
534 1208 676 1242 castitas
703 1208 734 1242 si
759 1208 796 1242 in
822 1221 862 1243 ea
888 1213 1023 1242 tantum
1050 1221 1088 1242 re
1106 1214 1320 1257 cerneretur,
1344 1208 1439 1256 quod
1461 1208 1626 1256 puellam,
1655 1223 1758 1258 quam
1779 1223 1888 1245 amas-

181 1280 233 1308 set
257 1285 418 1321 quaeque
445 1272 500 1307 sui
526 1272 661 1319 copiam
689 1273 721 1307 ei
743 1272 900 1317 fecisset,
924 1278 1071 1320 propter
1096 1271 1202 1307 fidem
1227 1272 1373 1320 conjugi
1401 1272 1516 1307 datam
1538 1279 1684 1322 tangere
1704 1274 1887 1316 noluisset,

179 1337 258 1372 vide
286 1350 329 1372 ne
352 1338 383 1371 is
403 1333 546 1387 ’'Epws,
574 1337 631 1371 cui
659 1336 879 1382 succumbit,
906 1336 994 1371 alius
1017 1336 1109 1372 foret
1131 1343 1234 1385 atque
1262 1337 1313 1382 is,
1351 1338 1407 1371 cui
1435 1350 1473 1372 se
1500 1338 1605 1372 etiam
1631 1345 1714 1386 post
1740 1345 1887 1374 mortem

177 1401 328 1437 invidiae
370 1401 447 1437 fore
484 1402 648 1436 minatur.
707 1400 824 1451 Atqui
856 1401 946 1436 duos
979 1400 1131 1436 Amores
1165 1401 1357 1450 distingui,
1393 1401 1540 1437 alterum
1579 1404 1705 1447 animi,
1739 1403 1885 1438 alterum

178 1467 359 1515 corporis,
394 1466 437 1501 ab
464 1466 570 1514 hujus
598 1466 736 1502 fabulae
763 1466 983 1514 simplicitate
1010 1466 1161 1501 alienum
1195 1472 1270 1513 est,
1309 1466 1446 1514 puellae
1479 1467 1589 1515 igitur
1613 1467 1886 1515 distinguendae

178 1538 280 1577 sunt,
308 1544 456 1580 quarum
480 1532 621 1567 alterius
649 1531 794 1567 fastidio
821 1531 999 1566 molestias
1026 1529 1155 1565 Amori
1189 1532 1383 1577 creaverit,
1422 1531 1565 1567 alterius
1592 1531 1767 1567 desiderio
1794 1533 1885 1581 ejus-

179 1597 257 1632 dem
292 1597 361 1630 vim
389 1603 554 1644 expertus
590 1598 656 1637 sit,
695 1610 808 1645 neque
836 1595 1217 1644 committendum‚‚ut
1254 1596 1413 1646 ejusdem
1450 1596 1584 1644 puellae
1620 1610 1757 1643 amore,
1797 1611 1885 1646 quae

180 1662 349 1710 Daphnin
375 1660 504 1701 πείσας
525 1659 601 1700 cim*
625 1660 785 1712 κράνας,
811 1659 926 1699 πάντ’
949 1658 1078 1699 ἄλσεα
1108 1662 1304 1710 quaesivit,
1327 1663 1402 1709 ipse
1427 1659 1527 1712 α’μφί
1549 1659 1624 1713 ὅρος
1650 1659 1884 1703 &vivacem

178 1735 351 1773 narretur,
374 1741 443 1763 non
470 1734 586 1762 tamen
612 1734 650 1762 ut
673 1740 750 1763 eam
777 1728 963 1770 inveniret,
989 1726 1053 1762 sed
1079 1733 1116 1761 ut
1141 1726 1218 1774 ejus
1246 1726 1498 1762 consuetudine
1523 1726 1732 1763 abstineret!
1768 1726 1886 1763 Acce-

179 1792 249 1838 dit,
273 1799 311 1828 ut
331 1794 363 1827 ei
386 1793 454 1840 ipsi
476 1793 608 1837 amori,
635 1806 705 1841 quo
727 1793 829 1840 perit,
856 1805 1035 1840 nunquam
1061 1805 1260 1840 repugnare
1287 1792 1436 1838 dicatur,
1462 1794 1582 1838 immo,
1604 1799 1645 1828 ut
1670 1808 1702 1827 v.
1718 1791 1768 1828 92
1792 1793 1883 1828 clare

181 1935 231 1950 nou
253 1927 328 1950 locus
348 1926 394 1949 sed
414 1925 470 1957 ipse
492 1925 556 1948 deus
576 1924 748 1956 intelligitur,
769 1925 847 1958 cujus
867 1925 973 1948 <lonium
995 1924 1051 1948 sola
1071 1924 1237 1957 praepositio
1257 1927 1291 1952 zig-
1312 1926 1375 1949 satis
1393 1925 1532 1954 declarat;
1554 1926 1590 1950 cf.
1614 1925 1692 1949 lliud.
1714 1925 1772 1950 vll.
1793 1925 1843 1949 312
1857 1929 1882 1949 et

178 1976 278 2000 xxul.
301 1975 332 1999 36
345 1986 351 1998 z
381 1977 414 2002 εἰς
435 1973 622 2005 Ἀγαμέμνονα,
650 1974 696 1999 ubi
717 1975 843 2008 deinceps
862 1977 986 2008 κλισίῃσιν
1004 1974 1029 1997 ἓν
1048 1972 1182 2006 Ἀιρείδυο
1202 1976 1243 1998 vel
1263 1976 1360 2008 κλισίην
1380 1973 1569 2006 ’.ἰγκμιέμνονος
1588 1975 1637 2003 ἷξον
1656 1973 1730 2006 ἰόντε,
1751 1976 1880 2009 pluraque

178 2026 248 2059 apud
270 2024 430 2050 Schamann.
448 2025 482 2048 ad
506 2025 605 2049 lsaeum
626 2034 653 2059 p.
675 2024 724 2048 363
752 2026 793 2050 vel
813 2025 941 2049 Sintenis.
962 2025 995 2048 ad
1018 2024 1153 2049 Plutarch.
1177 2025 1271 2050 Pei-iel.
1291 2035 1316 2057 p.
1339 2025 1399 2050 305.

250 2075 293 2104 47)
314 2075 457 2099 verissime
478 2074 633 2099 Welckerus
653 2083 680 2108 p.
705 2074 771 2098 1952
801 2074 843 2099 die
863 2073 1053 2109 unyliickliche
1075 2074 1154 2098 Lielae
1175 2074 1216 2098 als
1235 2074 1328 2108 Str-ase
1353 2074 1419 2099 liisst
1438 2076 1481 2099 ein
1501 2074 1731 2109 vor-herqehendes
1753 2075 1876 2098 sermm-

179 2126 234 2149 m'ss
250 2129 451 2150 uorausselzen.
473 2124 558 2148 morin
576 2124 703 2158 Daphnis
721 2124 764 2149 die
783 2125 864 2149 Lielte
884 2124 1044 2158 liarlntcickiq
1072 2124 1303 2158 zuriickqeslossen
1330 2124 1418 2153 haum
1446 2124 1488 2148 als
1507 2125 1592 2149 blosse
1610 2125 1783 2158 Aeusserunjl
1805 2125 1874 2148 kann

178 2175 228 2199 das
247 2184 302 2199 tuas
320 2173 474 2208 Aphrodite
493 2174 548 2198 ihm
566 2175 699 2208 von-mirsi,
722 2184 748 2199 er
769 2175 837 2199 habe
855 2174 996 2209 gelu-alth,
1018 2173 1080 2198 dass
1099 2184 1125 2198 er
1145 2173 1196 2198 den
1216 2175 1285 2198 Eros
1304 2173 1495 2208 niederwerfen
1514 2173 1618 2204 werde,
1640 2175 1714 2199 nicht
1733 2184 1876 2208 ιυιῃειιοηιν

180 2234 236 2250 men
256 2224 378 2253 werden,
403 2224 466 2248 weil
491 2226 548 2249 cine
578 2225 663 2249 blusse
683 2225 814 2259 Drohuuy
836 2224 882 2248 der
900 2226 955 2248 Art
977 2233 1007 2247 zu
1028 2223 1120 2258 ιιι-9103
1145 2224 1180 2248 ist
1199 2223 1254 2247 und
1273 2224 1335 2248 weil
1355 2223 1438 2248 dieses
1460 2224 1604 2249 Vorlmben
1625 2223 1710 2248 dun-cl:
1731 2223 1774 2248 dic
1795 2224 1876 2248 Lieln·

179 2285 224 2300 :ur
244 2275 334 2299 Xeneu
348 2273 384 2309 ja
405 2274 537 2300 beschiimt
555 2285 676 2309 qewesen
695 2278 784 2304 wiire3
816 2283 846 2299 eo
866 2275 950 2307 magis
970 2277 1057 2298 autem
1077 2274 1158 2297 miror
1178 2274 1290 2298 eundem
1305 2275 1418 2298 intanta
1438 2274 1587 2307 puellarum
1607 2273 1703 2306 copia,
1725 2272 1767 2297 οιῗιι
1789 2271 1877 2304 ὀλίγων

178 2328 372 2354 ἑπιμτιιιιομένων
391 2323 476 2357 udus),
507 2325 604 2358 quibus
629 2327 778 2351 resistenda
809 2324 928 2359 Daphnis
949 2325 1068 2348 Amorem
1089 2325 1195 2349 vincere
1215 2327 1359 2358 potuerat,
1389 2325 1422 2348 ad
1441 2333 1520 2349 unam
1542 2324 1710 2357 potissimum
1733 2323 1875 2356 conjugem

180 2376 310 2404 rediisse;
331 2375 367 2399 cf,
388 2378 442 2399 not.
467 2375 508 2399 43.
