1987 2594
1009 137 1042 177 ’ἵ

162 257 232 278 non
266 242 412 276 internis
450 240 632 288 suppliciis
668 240 793 274 redimi
831 239 971 275 volebat
1005 239 1187 288 multoque
1225 240 1362 275 facilius
1397 240 1503 276 fidem
1539 254 1687 289 corpore
1718 242 1882 277 violatam

161 313 276 342 mente
304 318 409 353 quam
436 311 551 340 mente
578 304 742 339 violatam
771 317 919 352 corpore
942 305 1075 339 servari
1096 317 1201 352 posse
1219 304 1397 340 credebat.
1453 305 1615 350 Quorum
1639 307 1785 342 alterum
1805 307 1882 343 Ste-

161 372 324 407 sichorus
352 369 533 418 amplexus
561 375 632 415 est⁷
669 374 710 404 ut
736 369 900 417 Daphnis
929 370 1087 417 quamvis
1122 381 1270 417 corpore
1305 371 1433 405 noxius
1471 373 1598 406 mentis
1634 378 1752 407 tamen
1779 372 1881 420 culpa

161 437 250 472 liber
276 442 358 484 post
383 435 523 470 brevem
551 447 702 482 poenam
733 434 940 468 immortalis
968 434 1081 469 laudis
1110 434 1238 471 decore
1267 436 1498 484 insigniretur
1508 452 1518 483 3
1547 437 1694 472 alterum
1711 451 1819 486 quum
1838 450 1882 472 ne

162 507 322 549 pastores
351 499 491 549 quidem
520 499 648 534 nedum
673 499 905 534 Theocritum
941 511 1067 534 canere
1102 506 1163 534 aut
1199 499 1411 535 verecundia
1438 507 1496 535 aut
1524 503 1601 549 ipsa
1628 516 1765 537 morum
1792 503 1882 537 ratio

160 572 359 613 pateretur,
387 578 462 600 eam
490 563 629 599 fabulae
655 565 962 609 constitutionem,
999 578 1019 599 a
1049 577 1117 612 qua
1144 566 1244 600 vetiti
1279 564 1488 600 concubitus
1521 573 1555 600 et
1579 567 1681 614 culpa
1710 574 1744 602 et
1770 580 1881 615 poena

162 631 296 676 abfuit,
351 630 450 665 aliter
482 630 675 664 informare
710 631 768 664 vix
801 630 941 676 licebit,
994 631 1064 665 uisi
1104 636 1143 665 ut
1174 630 1367 665 infaustum
1401 629 1488 664 illud
1519 629 1757 677 desiderium,
1812 645 1882 680 quo

162 695 335 743 Daphnin
360 695 509 742 periisse
537 694 737 739 constabat,
764 707 834 729 non
860 695 905 730 ad
930 695 1133 744 indigenam
1162 695 1225 730 sed
1252 695 1296 730 ad
1323 694 1502 730 absentem
1522 695 1673 742 puellam
1700 703 1881 743 spectasse

162 767 382 805 statuamus,
410 773 514 808 quam
542 765 687 807 propter
709 760 800 794 hauc
838 762 951 807 ipsam
988 774 1150 805 causam,
1189 760 1271 808 quia
1303 773 1450 808 prorsus
1488 761 1608 808 ignota
1636 767 1670 795 et
1692 762 1879 809 peregrina

162 830 261 870 erat,
282 825 430 872 proprio
450 825 593 860 nomine
620 824 789 872 appellari
815 839 880 860 nec
908 825 1078 861 attinebat
1103 838 1170 861 nec
1199 824 1398 873 oportebat.

978 943 1049 994 ll.

157 1025 248 1066 De
267 1024 493 1076 lelyuiis
512 1025 673 1066 sexto
690 1025 893 1066 octavo
912 1037 1069 1067 nono
1092 1026 1150 1067 et
1170 1025 1582 1078 epigrammate
1605 1026 1879 1068 secundo.

273 1105 384 1141 Hunc
412 1107 530 1154 ipsum
558 1112 675 1142 autem
701 1106 837 1154 puellae
873 1108 1083 1156 peregrinae
1118 1120 1274 1142 amorem
1301 1112 1491 1155 antequam
1518 1106 1676 1154 pluribus
1703 1109 1880 1156 persequi-

158 1185 261 1216 mur,
298 1172 421 1219 paucis
459 1172 563 1206 etiam
600 1170 643 1206 de
675 1172 900 1206 matrimonio
925 1171 1128 1220 Daphnidis
1167 1178 1202 1206 et
1236 1171 1403 1219 Nympha
1437 1171 1497 1206 illa
1527 1171 1777 1219 disputandum
1814 1179 1880 1217 est,

160 1250 250 1285 quae
277 1236 580 1271 adolescentulum
606 1250 722 1272 amore
747 1250 812 1271 suo
842 1237 1024 1285 complexa
1048 1237 1146 1272 fatali
1172 1236 1428 1286 interdict025)
1458 1236 1691 1273 adstrinxisse
1709 1237 1857 1273 traditur
1866 1254 1877 1285 3

159 1314 264 1350 quam
292 1302 357 1336 etsi
377 1301 452 1349 jam
481 1300 727 1336 Stesichorum
752 1315 795 1336 ex
821 1302 944 1350 populi
968 1315 1028 1338 ore
1052 1304 1234 1350 accepisse
1258 1303 1445 1338 verisimile
1463 1309 1529 1348 est,
1554 1304 1646 1338 inter
1670 1316 1731 1338 eos
1748 1309 1877 1349 tamen,

158 1367 219 1414 qui
242 1372 406 1411 exstant,
433 1366 600 1413 princeps
627 1366 746 1401 itidem
767 1374 938 1402 memorat
966 1368 1182 1402 Theocritus
1212 1369 1248 1402 in
1271 1367 1340 1403 fine
1368 1367 1489 1416 Idyllii
1506 1370 1634 1415 octavi,
1660 1368 1720 1404 ubi
1736 1376 1878 1405 narrato

156 1430 358 1478 Daphnidis
384 1430 530 1465 bubulci
557 1436 592 1466 et
618 1431 803 1467 Menalcae
827 1434 979 1479 pastoris
1008 1435 1198 1469 certamine
1226 1434 1313 1469 haec
1341 1433 1548 1483 subjungit:

382 1494 456 1542 κήκ
483 1494 606 1536 τούτω
634 1499 778 1547 πρῶτος
804 1497 912 1548 παραὶ
938 1498 1084 1545 ποιμέσι
1113 1496 1265 1550 Δάφνις
1291 1499 1423 1546 ἔγεντο

1105 1560 1122 1576 J-

380 1561 446 1601 καὶ
473 1559 643 1612 Νύμφαν
668 1560 835 1614 οἵκρηβος
857 1562 925 1602 ἑῶν
954 1564 1010 1602 ἔτι
1040 1560 1165 1602 Nezala
1194 1567 1326 1612 γῆμεν.

157 1626 284 1676 Neque
311 1627 348 1662 in
373 1627 429 1662 his
456 1628 508 1663 illi
544 1641 623 1663 cum
662 1629 789 1663 ceteris
826 1628 1031 1664 auctoribus
1060 1616 1251 1677 quicquam
1280 1629 1542 1664 controversiae
1566 1629 1774 1677 intercedit3
1816 1631 1876 1679 qui

159 1692 253 1741 quod
279 1699 459 1741 praeterea
487 1692 531 1728 de
558 1692 745 1729 interdicto
773 1693 828 1728 vel
849 1693 1083 1742 jurejurando
1108 1693 1262 1739 addunt,
1288 1694 1525 1730 Theocriteae
1547 1695 1742 1729 narrationi
1768 1695 1877 1730 haud-

157 1771 334 1806 quaquam
360 1772 561 1807 repugnare
587 1759 691 1806 paulo
721 1765 803 1806 post
836 1759 1052 1805 videbimus,
1094 1773 1159 1795 nee
1196 1759 1293 1808 quod
1318 1761 1409 1795 inter
1436 1773 1475 1795 se
1502 1759 1545 1795 de
1573 1761 1715 1796 nominc
1738 1761 1874 1809 puellae

159 1822 382 1871 discrepant,
416 1824 649 1859 Theocritum
682 1825 815 1873 tangit,
852 1824 953 1872 cujus
991 1821 1088 1863 Ναΐς
1122 1825 1325 1859 universum
1359 1838 1495 1873 genus,
1534 1838 1577 1860 cx
1610 1838 1681 1874 quo
1708 1825 1873 1874 Nympha

158 1887 287 1934 fuerit⁷
322 1888 456 1924 indicat
471 1888 547 1938 25);
580 1895 757 1937 postremo
783 1895 930 1925 aetatem
965 1890 1117 1924 hominis
1144 1889 1291 1925 eandem
1316 1902 1421 1937 quam
1449 1889 1667 1925 Theocritus
1694 1897 1729 1926 et
1754 1891 1813 1926 hic
1840 1898 1874 1927 et

157 1959 256 1988 sexto
282 1953 412 2002 Idyllio
439 1953 488 2003 (v.
514 1953 541 1988 5
568 1952 784 2004 ἥμμγὲνειος)
811 1954 927 1991 verbis
953 1960 1088 1990 tantum
1118 1954 1278 2002 pluribus
1302 1953 1473 1989 Aelianus
1499 1954 1685 1990 describit:
1721 1953 1873 2006 ἠράσθη

157 2016 276 2057 αὐτοῦ
301 2017 442 2069 Νύμφπ
470 2019 538 2067 μία
562 2020 630 2059 καὶ
656 2019 825 2067 ὡμίλησε
851 2023 968 2071 καλῷ
993 2018 1069 2060 ὄντι
1097 2019 1164 2059 καὶ
1192 2020 1261 2072 νέῳ
1289 2017 1355 2058 καῖ
1381 2018 1519 2072 πρώτῳ
1546 2018 1734 2069 ὑπηνήτῃ,
1769 2021 1872 2060 ἔνθα

157 2086 225 2122 τοῦ
258 2081 388 2134 χρόνου
423 2083 447 2127 n‘
485 2084 725 2136 χαριεστάτη
755 2084 858 2125 ἐστὶν
889 2082 966 2131 ἥβη
1001 2089 1076 2125 τῶν
1109 2088 1244 2125 καλῶν
1266 2086 1478 2136 μειρακίων.
1530 2086 1588 2121 De
1614 2087 1754 2121 nomine
1781 2100 1871 2122 unus

159 2146 310 2183 Ovidius
332 2149 446 2185 Naida
472 2164 538 2199 pro
565 2153 709 2200 proprio
737 2151 903 2187 habuisse
929 2151 1068 2187 videtur
1093 2150 1177 2187 Art.
1205 2149 1290 2186 Am.
1317 2150 1348 2184 I.
1376 2148 1470 2185 752:

228 2241 276 2274 25)
296 2242 335 2266 u-
354 2243 425 2268 enim
446 2248 472 2269 et
492 2245 651 2270 Parthenius
677 2249 703 2269 et
725 2245 859 2269 Diodorus
885 2245 1053 2278 loquuntur=
1086 2249 1230 2276 προειπεῖν,
1259 2241 1302 2267 ἰσὶν
1327 2241 1393 2276 ε’ἱλλῃ
1421 2246 1471 2267 τινὶ
1490 2242 1637 2277 πλησιάσῃ,
1656 2241 1869 2278 στερηθήσεσθαι

156 2292 204 2324 τῆς
223 2289 346 2325 dodonae:
366 2294 491 2319 Aelianus
510 2295 615 2319 demum
636 2293 782 2327 συνθήκας,
802 2294 910 2320 Servius
923 2293 1124 2330 jusjurandum
1145 2293 1258 2326 adjecit.

227 2341 271 2373 26)
292 2342 385 2376 Eurip.
408 2344 505 2369 Helen.
529 2345 594 2369 187:
615 2343 716 2375 Νύμφα
736 2354 774 2372 -ιις
793 2342 833 2368 οἷα
848 2345 929 2372 Nur-g:
951 2345 987 2369 cf.
1010 2346 1125 2370 Pausan.
1142 2343 1190 2368 ΙΙΙ.
1209 2343 1252 2368 25.
1275 2344 1289 2367 2
1311 2349 1337 2369 et
1350 2343 1427 2368 vlu.
1445 2344 1471 2368 4.
1491 2344 1506 2366 2
1527 2343 1658 2376 pluraque
1678 2344 1748 2376 apud
1770 2343 1867 2376 Unger.

157 2392 235 2416 Anat.
259 2393 379 2426 Propert.
400 2403 426 2428 p.
447 2395 492 2418 ⁴25.

1486 2441 1511 2465 o
1525 2442 1535 2452 ι

1488 2466 1511 2477 ss
