1987 2594
954 117 1020 159 18

138 229 367 278 perscriptum
395 223 563 271 legimus,
593 222 653 260 τόν
684 218 790 259 αὐτῶ
813 217 902 258 ἄνυε
933 218 1063 269 πικρὸν
1100 219 1223 270 ἔρωτα
1259 220 1328 259 καὶ
1362 223 1399 260 ἐς
1433 220 1546 261 τέλος
1574 218 1664 261 ἄνυε
1697 221 1833 273 μοίραςῑ

141 294 220 328 huic
246 291 353 339 igitur
378 287 472 337 quod
493 286 676 322 molestum
699 287 765 332 sit,
793 298 863 321 non
885 285 990 331 facit3
1016 283 1111 333 quod
1137 285 1167 318 si
1190 284 1419 320 nihilominus
1442 287 1545 321 etiam
1574 293 1654 334 post
1687 294 1833 323 mortem

139 370 174 391 se
199 354 318 394 κακὸν
345 351 466 400 ἄλγος
485 350 627 402 ἸΕρωτι
655 351 732 386 fore
758 351 928 394 minatur,
956 355 1015 383 aut
1035 349 1221 396 praeterita
1255 355 1313 384 aut
1347 349 1466 384 futura
1489 357 1645 398 spectat,
1684 354 1834 401 quoruin

139 426 295 456 neutrum
322 431 363 454 eo
381 417 541 465 pertinet,
568 422 605 450 ut
631 414 775 450 eandem
798 413 947 461 puellam
972 413 1076 448 simul
1094 419 1185 449 amet
1202 420 1234 448 et
1252 421 1412 461 spernat,
1435 415 1541 451 immo
1559 429 1664 464 quam
1689 419 1833 465 sprevit,

140 499 212 521 eam
228 496 406 532 nunquam
428 483 568 527 amavit,
593 480 655 516 sed
668 481 737 515 hoc
756 481 833 528 ipso
847 480 974 515 amoris
1001 484 1180 515 contemtu
1205 478 1380 514 Venerem
1406 479 1562 525 offendit,
1586 494 1690 529 quam
1718 489 1832 519 autem

140 554 252 593 amat,
279 546 423 582 eandem
453 545 691 592 concupiscit,
718 545 956 592 persequitur,
983 557 1048 579 nec
1073 544 1230 593 quamvis
1261 544 1362 579 irrito
1390 550 1518 579 conatu
1541 544 1751 581 desiderium
1778 547 1834 582 de-

136 613 253 661 ponit,
278 613 315 646 in
343 624 413 660 quo
440 612 516 658 ipso
542 610 716 646 Venerem
741 610 866 644 iratam
894 610 1090 657 experitur,
1124 610 1289 657 quoniam
1316 623 1359 644 ne
1384 611 1415 645 si
1448 610 1531 645 velit
1563 611 1702 658 quidem
1728 613 1833 660 potiri

136 682 247 711 amata
274 676 391 724 specie
416 681 550 723 potest,
597 673 688 709 unde
714 673 755 708 fit
780 679 819 709 ut
845 674 1014 722 quiequid
1042 674 1213 709 castitatis
1241 674 1460 720 exhibuerit,
1498 674 1541 710 ab
1568 676 1637 711 hoe
1663 679 1833 725 temporis

137 747 311 776 momento
334 739 481 775 alienum
514 740 579 783 sit,
621 739 657 772 in
699 751 768 787 quo
801 737 843 773 de
877 737 1051 773 desiderio
1088 745 1242 784 tantum,
1274 752 1346 774 non
1381 739 1424 774 de
1459 739 1665 776 abstinentia
1704 744 1831 790 agitur.

137 809 323 842 Postremo
350 806 379 840 si
405 804 492 840 haec
519 803 632 839 morbi
659 816 762 838 causa
790 810 904 848 esset,
932 803 1027 852 quod
1052 802 1232 838 obfirmata
1265 803 1308 838 ad
1336 805 1531 840 castitatem
1559 813 1675 842 mente
1702 819 1831 854 corpus

138 870 330 918 inexpletae
359 869 494 904 libidini
524 892 565 896 »-
603 881 646 904 ne
683 868 891 903 obscaenius
928 868 1098 916 appellem
1133 890 1183 895 ——
1213 870 1479 916 succumberet,
1522 884 1594 906 non
1636 879 1832 920 appareret,

138 934 316 984 quomodo
343 934 465 970 Venus
492 947 523 967 v.
552 931 626 967 ’156
661 946 738 968 sera
773 932 1012 968 misericordia
1041 932 1286 968 moribundum
1313 933 1548 986 α’νορθῶσαι,
1585 937 1738 985 eriqere,
1775 949 1833 972 vo-

138 999 278 1044 luisset,
314 998 406 1047 quod
433 999 479 1032 ita
513 1003 645 1032 tantum
681 998 873 1045 potuisset,
915 1004 952 1032 ut
979 997 1093 1032 morbi
1125 1011 1266 1034 eausam
1295 999 1448 1036 tolleret:
1484 1008 1520 1036 at
1546 1003 1638 1036 enim
1665 1002 1773 1047 haec,
1795 1010 1833 1038 ut

135 1063 241 1112 vulgo
267 1064 546 1110 interpretantur,
574 1063 609 1095 in
628 1061 825 1109 Daphnidis
850 1068 1017 1110 tanquam
1043 1062 1157 1098 Stoici
1178 1064 1380 1112 philosophi
1407 1073 1581 1114 potestate
1601 1073 1676 1102 erat
1689 1066 1762 1115 43);
1787 1081 1831 1103 ex

135 1141 212 1164 mea
248 1128 384 1163 demum
419 1126 702 1173 interpretatione
738 1126 825 1161 haec
862 1140 1003 1175 quoque
1039 1126 1230 1163 difficultas
1265 1129 1418 1176 tollitur,
1459 1132 1489 1165 si
1518 1131 1658 1180 quidem
1691 1132 1828 1177 Venus,

136 1205 225 1240 quae
251 1192 435 1240 peregrina
462 1191 580 1238 specie
607 1189 723 1226 oblata
749 1190 912 1226 acerbum
940 1192 1123 1240 Daphnidi
1160 1207 1310 1229 amorem
1351 1195 1539 1244 injecerat,
1578 1203 1637 1232 aut
1669 1196 1831 1232 discussa

137 1256 299 1304 imaginis
327 1256 417 1290 illius
445 1256 597 1290 vanitate
622 1256 774 1290 animum
804 1257 878 1304 ejus
905 1256 1053 1292 liberare
1078 1264 1136 1292 aut
1163 1265 1323 1294 revocata
1358 1267 1393 1295 ct
1428 1267 1687 1308 repraesentata
1716 1262 1831 1312 puella

136 1320 342 1356 desiderium
371 1321 497 1355 satiare
521 1326 666 1367 poterat.
722 1320 884 1365 Quorum
909 1328 1026 1356 utrum
1054 1322 1268 1370 probabilius
1298 1324 1422 1370 suerit,
1449 1325 1546 1360 irrita
1573 1327 1734 1374 quaestio
1760 1332 1830 1362 est:

138 1398 202 1420 nos
228 1385 296 1419 boc
323 1384 436 1419 solum
463 1383 608 1419 firmiter
631 1390 831 1430 teneamus,
878 1386 1052 1434 orig-inem
1085 1387 1196 1422 morbi
1233 1388 1325 1436 apud
1353 1389 1585 1425 Theocritum
1618 1391 1653 1424 in
1681 1390 1831 1425 Veneris

137 1450 187 1483 ira
214 1450 314 1496 poni,
342 1461 432 1496 quae
459 1448 702 1496 inexplebilem
731 1450 912 1498 Daphnidi
942 1464 1095 1487 amorem
1123 1453 1304 1500 injecerit,
1332 1466 1405 1488 non
1437 1455 1473 1488 in
1507 1454 1612 1503 hujus
1653 1461 1832 1490 contuma-

137 1514 208 1558 cia,
247 1514 404 1561 quamvis
435 1513 521 1548 haee
555 1515 642 1548 iram
669 1514 763 1549 illam
800 1523 834 1550 et
864 1516 1065 1551 excitaverit
1098 1523 1131 1551 et
1155 1518 1302 1564 nutriat,
1339 1517 1375 1552 id
1410 1519 1526 1566 ipsum
1561 1526 1676 1555 tamen
1710 1521 1831 1568 magni

138 1579 300 1623 interest,
327 1579 406 1626 quia
435 1578 486 1612 sic
509 1577 647 1613 demum
675 1581 1034 1633 sumniumvcarminis
1062 1588 1304 1629 argumentum
1343 1584 1379 1618 in
1402 1597 1520 1619 amore
1547 1584 1746 1632 Daphnidis
1772 1597 1831 1632 po·

137 1643 249 1687 nitur,
292 1655 363 1676 non
393 1649 430 1677 ut
469 1642 560 1690 apud
594 1644 800 1691 interpretes
836 1652 910 1690 est,
945 1647 979 1680 iu
1015 1658 1133 1694 pugna
1170 1646 1275 1695 hujus
1309 1655 1430 1683 contra
1472 1662 1646 1694 amorem,
1687 1650 1723 1683 in
1761 1662 1829 1698 qua

138 1706 325 1754 Daphnin,
352 1708 382 1741 si
409 1708 639 1743 Theocritum
663 1708 812 1744 fideliter
840 1711 1038 1758 sequimur,
1079 1710 1208 1745 dudum
1233 1712 1440 1749 occubuisse
1472 1728 1543 1749 non
1574 1715 1720 1750 Veneris
1755 1721 1830 1749 tan-

139 1776 211 1804 tum
238 1771 481 1818 triumphantis
509 1772 633 1817 verba,
661 1773 721 1808 sed
744 1775 849 1809 etiam
875 1774 1047 1810 Mercurii
1075 1776 1302 1825 iuterrogatio
1330 1779 1474 1826 ipsaque
1493 1779 1616 1826 Priapi
1644 1778 1830 1826 exprobra-

139 1836 186 1869 tio
213 1834 334 1879 docet,
362 1837 421 1883 qui
448 1838 476 1870 si
503 1838 641 1881 omnia,
670 1851 758 1885 quae
786 1838 926 1874 codices
956 1840 985 1874 ei
1014 1839 1187 1885 tribuunt,
1215 1841 1320 1886 dixit,
1355 1843 1462 1878 multo
1493 1843 1640 1878 clariora
1665 1843 1829 1879 desiderii

215 1963 257 1992 48)
278 1963 366 1988 Sensit
386 1964 452 1990 hanc
472 1967 658 1995 difficultatem
679 1973 757 1996 etiam
780 1973 956 2001 Iitausenius,
979 1976 1024 1999 scd
1051 1976 1114 1999 mira
1142 1976 1313 2000 cavillatione
1334 1977 1414 2001 elusit
1440 1988 1465 2011 p.
1492 1978 1555 2002 529:
1586 1978 1677 2003 ladem
1705 1979 1829 2012 Daphnis

142 2013 229 2036 hieria
249 2013 294 2037 der
313 2014 464 2047 Aphrodite
484 2023 577 2049 trolzt,
600 2032 668 2046 muss
688 2032 713 2047 cs
734 2024 761 2047 ιἰι
780 2025 865 2047 seium·
884 2024 979 2048 Mache
996 2025 1145 2059 ‘qe-standon
1166 2026 1251 2050 haben
1271 2027 1327 2051 siclt
1348 2027 1391 2051 ι’Ῐιι·
1414 2037 1445 2052 :u
1464 2027 1566 2062 suffen.-
1587 2029 1659 2052 scine
1678 2028 1829 2053 Sehusnclat

142 2071 210 2085 »ηας-ς
230 2062 287 2086 also
308 2064 341 2095 (Y)
362 2065 425 2088 eben
444 2067 500 2100 auf
513 2068 560 2093 dns
579 2070 714 2096 Miidchvu
732 2073 863 2107 yerichtet
882 2083 963 2107 seyn,
991 2075 1039 2099 dns
1059 2075 1106 2099 ιἸιιι
1127 2077 1161 2100 im
1184 2076 1288 2101 'Valde
1307 2077 1395 2101 sucht.
1441 2080 1486 2102 Αιι
1514 2078 1556 2102 dic
1584 2077 1711 2111 Nymphe
1737 2080 1783 2102 hal
1802 2088 1830 2101 οι·

140 2112 196 2135 sein
209 2112 359 2147 Ver-larifjen
379 2116 406 2138 in
427 2115 550 2142 keusclzer
565 2119 649 2145 Treue
670 2121 768 2147 biuden
786 2123 901 2152 wellen,
922 2123 1108 2158 Aplu-uditcns
1126 2126 1280 2161 Aligewalt
1300 2127 1558 2161 yet-irtqsclaiitzettd5
1578 2137 1632 2152 nun
1653 2127 1722 2153 nn'rd
1735 2138 1761 2151 er
1775 2137 1826 2153 von

142 2160 288 2185 demselben
307 2171 341 2186 ηιι
363 2162 404 2187 dle
422 2166 578 2199 (Ιεῖιυιιιὶεη,
599 2170 677 2195 deren
700 2172 868 2208 l'erlockuny
889 2174 937 2198 ilm
959 2174 1005 2198 der
1026 2174 1189 2200 Giittt-r-liebe
1214 2176 1325 2200 berault!
1348 2176 1403 2201 hat.
1444 2178 1495 2201 Die
1523 2177 1685 2202 Gotterliebe
1711 2178 1775 2201 aber
1793 2179 1827 2202 ist

141 2220 235 2235 semem
257 2211 288 2233 ’1
299 2221 357 2236 ‘'50''
374 2217 492 2247 921'1‘5553
514 2225 556 2241 um
577 2218 659 2244 dieser
679 2222 776 2246 wieder
796 2223 901 2258 wiirdiy
922 2233 951 2248 :u
972 2224 1076 2249 werden
1098 2227 1131 2254 (Ἴ)
1153 2226 1213 2250 elme
1237 2236 1263 2250 er
1283 2228 1378 2251 seiuem
1407 2227 1559 2262 ''er-Innycu
1583 2227 1688 2252 Gcwssll
1716 2237 1750 2251 ml
1772 2227 1826 2251 wid

141 2260 219 2283 Sffi'bl
238 2259 351 2285 dflrfflbffl'
371 2263 405 2293 (ἵ)
426 2263 482 2288 hin.
506 2284 511 2288 .
534 2285 539 2289 .
561 2269 612 2292 Als
633 2279 657 2293 es
678 2279 707 2294 :u
727 2275 788 2305 spii!
809 2273 859 2301 ist,
886 2274 1000 2298 erlmrmt
1019 2275 1073 2299 sicli
1096 2275 1138 2299 dic
1166 2275 1276 2300 Gauium
1304 2276 1361 2300 und
1379 2277 1438 2301 will
1464 2277 1511 2301 ihu
1531 2276 1685 2301 crlez‘chtern
1709 2294 1714 2299 .
1738 2294 1742 2299 .
1764 2276 1827 2300 abm-

142 2309 225 2332 durch
246 2309 333 2334 diesen
352 2311 415 2346 δίε-ε]
436 2313 500 2338 iiber
520 2317 607 2341 seinen
632 2318 708 2344 Trieb
730 2323 761 2347 [Ίῖ
782 2322 890 2354 erprobt
910 2332 936 2347 er
955 2324 1025 2347 selue
1052 2324 1187 2349 lem-oischc
1209 2325 1288 2358 liras!
1301 2345 1306 2354 ‚
1329 2326 1397 2350 wit-1!
1414 2336 1468 2350 mm
1489 2326 1569 2351 selbst
1588 2327 1614 2349 iu
1640 2325 1689 2349 den
1710 2325 1827 2349 llimme!

142 2358 256 2383 m-hoben
275 2359 331 2384 und
350 2363 395 2385 mit
418 2362 521 2396 Ops'ern
542 2367 657 2391 ver-elau
