1987 2594
157 224 279 260 buisse
301 235 416 270 neque
442 228 482 256 ut
509 220 684 256 Telamon
710 220 820 267 ipsius
843 219 952 254 frater
974 232 1017 254 ex
1044 219 1169 267 pellice
1192 219 1310 267 aliqua
1332 218 1463 255 liberos
1485 234 1692 268 procreasse
1711 223 1869 272 videtur3

152 289 347 336 eodemque
374 286 534 334 exemplo
560 285 654 320 haud
673 285 749 320 scio
776 296 821 319 an
847 283 1050 332 Daphnidis
1079 297 1160 319 cum
1186 283 1301 319 Naide
1322 286 1582 321 matrimonium
1609 300 1681 322 non
1709 287 1753 322 ad
1778 302 1870 324 mor—

152 355 232 391 talis
269 353 429 401 conjugii
461 349 727 386 similitudinem
768 349 1040 385 existimandum
1072 349 1134 385 sed
1173 350 1222 384 ita
1258 350 1377 397 potius
1412 351 1680 400 intelligendum
1719 354 1787 399 sit,
1831 361 1869 390 ut

151 419 318 467 Daphnis
345 415 455 453 semel
477 417 514 450 in
540 415 727 464 Nymphae
755 413 1050 450 consuetudinem
1089 420 1253 462 receptus
1290 427 1353 461 per
1388 414 1563 464 reliquum
1597 418 1687 453 vitae
1715 425 1868 467 tempus,

152 498 263 534 quum
286 495 402 531 neque
430 480 524 516 aliud
552 479 759 529 conjugium
786 481 875 515 inire
901 491 1016 527 neque
1038 480 1076 514 in
1100 478 1167 514 dea
1191 480 1307 514 mariti
1326 479 1408 528 jure
1435 493 1542 528 porro
1566 483 1616 517 uti
1639 490 1773 530 posset,
1801 485 1868 520 sci-

150 563 214 586 ens
241 548 434 595 volensque
466 545 677 581 caelibatum
713 545 838 593 egerit.
895 543 1017 593 Atque
1052 544 1144 579 hane
1182 544 1259 592 ejus
1284 545 1339 580 vel
1363 552 1524 581 naturam
1549 548 1603 583 vel
1630 548 1867 585 conditionem

151 615 256 650 etiam
286 611 481 648 venationis
516 610 672 646 studium
706 609 844 658 prodit,
879 621 950 657 quo
983 610 1143 654 Dianae,
1183 610 1356 645 castitatis
1395 610 1587 658 praesidis,
1623 613 1753 649 cultum
1788 627 1867 649 cum

150 680 286 715 musica
311 676 493 725 conjunxit
508 675 571 725 51),
598 688 746 724 quarum
774 675 957 724 utriusque
984 675 1218 710 instrumenta
1235 675 1452 711 Theocritus
1471 689 1550 711 eum
1567 677 1602 711 in
1618 679 1866 726 epigrammate

150 743 308 781 secundo
335 742 429 778 Pani
455 740 675 776 dedicantem
702 741 911 789 proposuit:

375 805 526 858 Δάφνις
552 805 569 845 ὁ
595 804 831 858 λευκόχρως,
859 804 876 844 ὅ
901 808 1017 857 καλᾷ
1039 805 1187 856 σύριγγι
1211 801 1399 851 μελῖσὸων

498 871 747 917 βουκολικοῦε
771 868 921 920 ὕμνους,
946 869 1094 912 ἄνθετο
1121 870 1223 911 Πανὶ
1248 867 1350 914 τάδε,

376 937 463 978 τούς
490 936 646 988 τρητοϋς
673 933 850 981 δόνακας,
878 936 921 976 τὸ
949 935 1206 984 λαγώβολον,
1234 935 1318 986 ὀξύν
1342 935 1502 981 ἄκοντα,

491 999 666 1054 νεβρίδα,
697 1002 770 1041 τοίν
796 999 939 1053 πήραν,
967 995 994 1053 ᾇ
1019 1001 1105 1042 ποκ’
1127 1001 1375 1054 ἑμαλοφόρειῖ

149 1082 264 1118 neque
289 1069 400 1105 levem
426 1070 463 1103 in
487 1069 597 1116 ipsius
633 1068 778 1103 historia
812 1067 903 1102 lianc
935 1081 1072 1103 morum
1108 1074 1242 1116 partem
1280 1068 1334 1104 vel
1366 1070 1482 1116 poiitis
1510 1068 1565 1103 vel
1591 1069 1859 1118 mythographis

147 1135 259 1169 visam
281 1147 360 1169 esse
387 1133 469 1168 inde
495 1139 661 1181 apparet,
696 1132 792 1180 quod
818 1145 944 1168 canum
977 1133 1054 1181 ejus
1082 1134 1224 1168 nomina
1248 1139 1284 1168 ut
1309 1131 1505 1168 Actaeonis
1533 1132 1640 1182 digna
1668 1134 1864 1170 habuerunt

148 1213 239 1248 quae
265 1199 463 1247 posteritati
489 1198 670 1234 traderent
686 1198 759 1246 52)3
785 1198 907 1233 eodem
932 1205 1050 1234 tamen
1076 1197 1207 1244 studio,
1234 1205 1271 1233 ut
1288 1198 1509 1247 Hippolytus
1532 1198 1730 1244 Phaedrae,
1758 1213 1862 1248 quam

147 1271 182 1300 et
205 1266 318 1313 ipsam
343 1278 423 1299 cum
449 1264 590 1300 Venere
618 1264 942 1313 conjunctissimam
969 1263 1126 1298 videmus
1151 1263 1224 1313 33),
1263 1265 1310 1298 ita
1333 1264 1496 1311 Daphnis
1525 1265 1677 1300 Veneris
1709 1265 1795 1299 iram
1823 1265 1860 1299 in

148 1344 186 1366 se
212 1330 412 1374 concitavit,
437 1343 526 1379 quae
555 1344 663 1378 quum
690 1331 843 1364 animum
872 1329 946 1377 ejus
973 1335 1097 1363 contra
1121 1328 1344 1376 popularium
1372 1329 1564 1376 puellarum
1592 1329 1774 1364 illecebras
1802 1329 1860 1364 oh-

147 1395 324 1430 firmatum
351 1395 565 1441 invenisset,
592 1395 635 1430 ad
659 1402 852 1431 extremum
880 1395 1090 1443 peregrinae
1118 1394 1168 1428 illi
1196 1393 1405 1430 desiderium
1433 1394 1578 1443 injecit,
1607 1394 1708 1442 cujus
1736 1393 1858 1442 despe-

145 1461 282 1496 ratione
307 1466 344 1495 ut
372 1460 604 1506 contabuerit,
631 1467 664 1496 et
690 1462 877 1509 septimum
903 1459 1069 1508 Idyllium
1097 1459 1316 1508 significavit
1342 1467 1375 1495 et
1401 1462 1552 1508 primum
1576 1459 1777 1508 praeclarae
1802 1459 1859 1495 de-

144 1526 346 1573 scriptionis
373 1524 551 1560 coloribus
575 1525 723 1573 amplius
751 1526 945 1561 exornavit.
1000 1524 1074 1561 Sed
1102 1525 1143 1561 de
1170 1525 1237 1561 hoc
1261 1538 1341 1560 mox
1359 1524 1440 1560 data
1458 1538 1565 1573 opera
1583 1524 1858 1573 disputabimu55

144 1603 239 1626 nunc
265 1604 310 1626 ne
334 1590 420 1639 quid
450 1591 611 1626 omisisse
642 1590 842 1637 videamur,
877 1590 974 1639 quod
1010 1591 1370 1638 apud‚Theocritum
1408 1590 1451 1625 ad
1476 1591 1647 1638 Daphnin
1672 1592 1859 1639 pertineat,

148 1656 191 1692 de
213 1669 307 1692 nono
334 1669 476 1705 quoque
497 1655 629 1704 ldyllio
653 1670 765 1704 pauca
792 1657 898 1692 verba
927 1656 1120 1701 faciemus⁷
1152 1656 1250 1705 quod
1280 1658 1348 1692 etsi
1382 1658 1513 1704 pariter
1536 1669 1577 1691 ac
1603 1662 1742 1692 sextum
1770 1656 1858 1690 nihil

145 1771 281 1796 σωφρονεῖν
301 1762 313 1789 u‘
333 1764 446 1798 Πηλεύς,
466 1765 513 1790 ubi
535 1770 622 1790 tamen
643 1766 765 1799 apposite
786 1765 818 1788 ad
838 1767 956 1788 nostram
977 1765 1137 1788 sententiam
1156 1765 1350 1798 respondetur:
1371 1761 1430 1797 κᾷτ’
1450 1763 1610 1789 dankmaro&
1630 1764 1653 1796 γ’
1672 1763 1749 1788 αιῗτδν
1771 1762 1858 1797 ᾤχετο,

143 1816 269 1840 nimii-um
289 1817 324 1844 εἰς
342 1818 438 1846 βένθεα
457 1813 518 1843 did<
537 1815 608 1849 παρά
627 1817 726 1848 πατέρα
745 1817 867 1847 γέροντα,
899 1814 978 1838 Iliad.
999 1814 1100 1840 XVlll.
1121 1814 1164 1839 36.

214 1865 257 1899 31)
277 1865 439 1890 Venatinnis
458 1870 483 1890 et
501 1866 613 1890 musices
629 1866 825 1900 peritissimus,
851 1865 927 1889 Serv.
949 1864 982 1888 ad
1002 1864 1068 1889 Buc.
1090 1864 1123 1888 V.
1145 1864 1195 1894 203
1223 1865 1260 1889 cf.
1292 1865 1400 1890 Diodor.
1422 1864 1464 1890 lV.
1484 1864 1534 1888 84:
1563 1865 1740 1894 μυθολογοῦσι.
1763 1865 1791 1888 δὲ
1811 1862 1854 1887 τὸν

142 1914 240 1946 Διῖφνιν
258 1914 324 1946 uerti
342 1918 389 1950 τῆς
408 1914 560 1949 Ἀρτέμιδος
578 1922 735 1949 κυνηγετεῖν,
761 1913 938 1948 ι’νπηρετοίῗντιι
964 1915 1000 1947 τῇ
1027 1916 1081 1947 θεῷ
1101 1917 1284 1946 κεχαρισμένως
1310 1917 1351 1939 καὶ
1370 1913 1415 1939 διαὶ
1434 1914 1481 1946 τῆς
1502 1912 1622 1947 σιῖριγγος
1643 1917 1685 1939 καὶ
1703 1914 1854 1947 βουκολικῆς

141 1967 269 1999 μελῳδίας
288 1968 388 2000 τέρπειν
408 1964 490 1999 αιῗτήν
510 1966 696 1998 διαφερόντως,
716 1973 849 1999 quemque
870 1965 962 1989 eodem
983 1966 1066 1989 refert
1087 1965 1247 1989 fflausenius
1267 1974 1293 1998 p.
1318 1965 1379 1994 526,
1400 1964 1497 1997 Virgil.
1519 1964 1583 1989 Bne.
1602 1964 1634 1989 V.
1657 1964 1706 1987 43:
1728 1963 1853 1997 Daphnis

141 2026 189 2052 eqo
210 2018 239 2042 in
258 2017 333 2041 silvis
352 2021 404 2041 etc.

213 2067 258 2097 32)
278 2067 381 2092 Aelian.
404 2066 476 2091 Hist.
496 2067 583 2093 Anim.
605 2067 649 2093 Xl,
672 2066 721 2096 133
742 2067 778 2091 cf.
801 2066 912 2090 Tzetzes
933 2065 1050 2090 Chiliad.
1072 2065 1117 2092 lv,
1138 2065 1206 2089 261:

369 2115 484 2148 βουκόλῳ
504 2114 528 2140 δ’
547 2115 599 2140 ἲντι
619 2115 732 2145 Δάφνιδι
749 2119 812 2148 γένει.
831 2118 998 2150 Συρακουσίῳ

368 2168 440 2191 πέντε
459 2165 682 2199 συν-«τεθνήκεσαν,
700 2165 856 2194 κλαύσαντες
877 2169 981 2199 πρῶτα,
1002 2165 1081 2193 κύνες.

213 2214 258 2245 33)
278 2215 369 2241 Schol.
392 2216 486 2249 Eurip.
507 2215 619 2250 Hippol.
640 2216 690 2241 25:
710 2215 869 2249 ’Λφροδίτης
888 2214 948 2240 miv
966 2216 1128 2248 ἱδρύσασθαι
1149 2213 1194 2249 τήν
1215 2216 1334 2248 Φαίδραν
1353 2218 1445 2244 φασίν·
1466 2213 1566 2240 ἐκάλεσε
1586 2216 1613 2238 δὲ
1635 2212 1794 2246 ’Λφροδίτην
1812 2211 1852 2242 ἐφ’

137 2262 298 2298 Ἱππολύτῳ,
329 2265 358 2298 ἢν
386 2268 429 2290 καὶ
446 2264 619 2290 Ἱππολὺτιιαν
644 2267 762 2291 natat-m:
791 2266 826 2290 cf.
849 2265 921 2289 Most
946 2265 979 2289 de
1012 2265 1161 2299 Hippolyto
1187 2264 1283 2289 Thesei
1309 2265 1389 2294 filio,
1418 2264 1503 2289 Mai-b.
1529 2264 1604 2288 ¹860.
1627 2264 1653 2294 8,
1674 2273 1700 2297 p.
1721 2264 1754 2287 26
1775 2272 1848 2296 sqq.‚

141 2313 263 2338 Schmidt
282 2315 309 2339 in
332 2315 447 2340 Ritsehl.
469 2315 539 2340 Mus.
562 2316 683 2340 Rbenan.
706 2316 784 2343 1850.
805 2316 836 2339 T.
858 2315 923 2345 Vll,
941 2325 968 2349 p.
991 2316 1022 2339 52
1043 2324 1101 2349 sqq.
1117 2334 1124 2344 ,
1151 2314 1221 2339 Jahn
1243 2315 1361 2339 archaol.
1391 2315 1473 2339 Beitr.
1496 2324 1522 2348 p.
1545 2314 1594 2337 305
1614 2323 1690 2348 sqq.,
1719 2314 1849 2338 Wieseler

139 2364 166 2388 in
187 2363 357 2390 Schneidew.
380 2365 477 2391 Philol.
503 2366 581 2395 1851,
601 2366 632 2391 T.
651 2366 700 2395 vl,
721 2376 746 2400 p.
769 2366 818 2390 337
842 2375 898 2399 sqq.
