1987 2594
127 242 303 293 probabile
329 246 382 276 est
398 239 471 287 5¹);
499 236 624 287 quibus
652 248 759 284 quum
778 234 910 270 nullum
936 234 1051 282 magis
1079 239 1324 282 argumentum
1351 246 1456 282 quam
1482 233 1596 269 victae
1617 233 1744 269 hiemis
1761 233 1819 269 de-

129 308 271 356 scriptio
301 304 520 348 conveniret,
551 301 643 336 hauc
682 300 796 347 ipsam
821 298 1002 346 pastoricii
1026 298 1161 346 ingenii
1194 297 1404 346 simplicitas
1428 298 1478 333 ita
1503 298 1699 334 instituisse
1724 297 1820 334 vide-

130 381 199 417 tur,
227 377 266 405 ut
291 382 335 405 ne
367 368 494 404 amoris
527 365 668 416 quidem
694 365 830 414 frigus,
863 364 1022 412 quamvis
1049 363 1197 398 firmiter
1221 362 1455 408 destinatum,
1481 361 1684 411 §perennius
1715 375 1821 412 quam

128 444 267 473 naturae
294 435 466 470 somnium
492 445 570 468 esse
593 430 846 467 demonstraret
872 428 1064 477 eademque
1098 440 1203 475 opera
1239 428 1400 462 miseram
1427 433 1461 462 et
1497 427 1598 475 quasi
1635 426 1818 463 hibernam

129 502 201 550 ejus
223 505 352 535 sortem
379 497 595 546 deploraret,
627 497 688 545 qui
713 495 864 530 animum
892 499 1018 529 contra
1043 492 1194 529 Veneris
1228 492 1411 528 illecebras
1446 491 1681 528 obfirmasset.
1746 492 1818 528 His

127 573 237 602 autem
264 564 454 613 propositis
490 562 574 598 illud
609 561 712 597 facile
747 560 973 608 intelligitur,
1005 571 1119 607 neque
1146 570 1226 592 cum
1248 557 1334 592 Lini
1366 569 1481 606 neque
1518 569 1597 592 cum
1631 558 1820 606 Lytiersae

127 631 243 667 fabula
268 629 437 678 Daphnin
463 634 521 664 aut
547 627 744 675 comparari
773 631 831 660 aut
857 624 1075 660 commisceri
1100 623 1206 658 licere
1218 622 1294 670 62),
1345 622 1375 657 si
1409 621 1550 671 quidem
1590 622 1656 658 hae
1691 622 1736 658 ad
1766 636 1821 659 ae-

126 698 249 732 stivum
276 696 392 743 potius
420 694 571 729 calorem
596 698 632 728 et
647 691 800 727 torridae
815 690 1033 738 tempestatis
1052 695 1168 737 pestes
1192 689 1387 736 pertinent3
1414 694 1558 724 nostrae
1579 701 1682 738 quam
1698 702 1820 737 presse

127 773 365 809 comparemus
392 772 494 794 unam
517 757 685 794 habemus
713 756 885 801 Narcissi,
912 768 1016 804 quem
1039 754 1198 802 quamvis
1226 760 1261 789 et
1285 754 1400 801 ipsum
1428 753 1559 789 fuerint
1584 754 1645 802 qui
1675 753 1719 788 ad
1744 753 1821 789 illo-

126 840 201 861 rum
228 824 487 861 similitudinem
507 823 697 858 informare
724 826 935 856 conarentur
955 819 1029 869 63),
1056 826 1173 855 tamen
1200 825 1234 855 et
1259 819 1412 853 nominis
1440 819 1565 867 origo,
1600 831 1688 868 quae
1714 821 1823 854 maui—

127 891 218 926 festo
245 889 289 924 ad
316 891 474 939 ναρκᾷν,
504 893 661 935 torpere,
689 886 873 922 referenda
896 892 949 921 est
965 884 1038 934 64),
1072 891 1107 920 et
1130 885 1239 920 totius
1278 882 1417 919 fabulae
1441 884 1530 918 ratio
1567 884 1603 918 in
1647 897 1723 920 eam
1755 897 1822 920 nos

127 955 324 1002 opinionem
356 953 520 988 inducere
547 951 671 996 debet,
707 958 746 987 ut
772 951 863 987 idem
891 950 987 1000 quod
1021 949 1189 998 Daphnin
1219 948 1312 997 apud
1351 955 1509 997 pastores
1546 949 1708 995 Siculos,
1734 949 1823 985 Nar-

127 1020 254 1054 cissum
289 1019 370 1054 olim
399 1017 490 1066 apud
516 1017 757 1065 Thespienses
795 1016 905 1052 fuisse
932 1022 1135 1051 statuamus.
1188 1015 1323 1063 Nempe
1354 1015 1412 1050 hic
1448 1027 1588 1064 quoque
1614 1016 1746 1063 pariter
1781 1028 1823 1050 ac

125 1084 285 1131 Daphnis
325 1097 344 1118 a
370 1082 533 1131 Nympha
559 1089 661 1117 natus
677 1082 728 1127 65)
764 1082 800 1116 in
832 1081 954 1117 eodem
986 1093 1056 1129 quo
1091 1081 1253 1128 Daphnis
1284 1081 1408 1116 aetatis
1452 1080 1564 1129 gradu
1598 1081 1824 1126 constitutus,

125 1156 164 1184 ut
186 1156 221 1184 et
245 1162 331 1197 puer
357 1155 391 1184 et
411 1148 551 1196 juvenis
578 1147 687 1183 videri
713 1153 852 1196 posset,
874 1147 1062 1183 multorum
1083 1146 1252 1195 juvenum
1278 1145 1543 1195 puellarumque
1567 1159 1687 1182 amore
1719 1160 1823 1195 expe-

126 1216 208 1250 titus
235 1220 332 1261 erat3

342 1280 404 1313 sed
425 1278 494 1327 sicil
521 1278 556 1312 in
583 1283 699 1312 tenera
728 1284 798 1312 tam
823 1277 902 1311 (ἰὴ-(ι
928 1277 1093 1325 superbia
1118 1277 1256 1325 forma.-

349 1343 443 1378 nulli
468 1342 567 1376 illum
584 1344 732 1390 juvenes
748 1368 758 1386 ,
788 1341 908 1376 nullae
935 1342 1078 1390 lete'qere
1101 1341 1271 1389 puellae,-

128 1408 235 1460 donec
262 1421 383 1443 manus
410 1407 539 1456 uliquis
566 1408 744 1455 despectus
771 1407 820 1441 ad
843 1406 987 1441 aethera
1006 1406 1151 1441 tollens:
1181 1406 1245 1450 sic,
1271 1411 1494 1453 precaretur,
1523 1412 1614 1442 arne!
1638 1407 1711 1455 ipse
1727 1407 1824 1452 licet,

127 1475 177 1509 sie
202 1486 270 1508 non
294 1473 452 1521 potiatur
478 1479 616 1517 amato,
651 1471 886 1521 precibusque
913 1471 1041 1507 auditis
1064 1471 1307 1517 Rhamnusia,
1341 1471 1409 1506 hoc
1435 1478 1490 1507 est
1509 1471 1692 1518 Nemesis,
1719 1486 1825 1522 quam

128 1549 192 1572 nec
218 1538 326 1585 ipsam
356 1537 462 1586 longe
496 1545 664 1573 remotam
696 1551 716 1573 a
740 1537 880 1572 Venere
914 1536 1036 1571 haberi
1069 1537 1228 1572 novimus
1246 1535 1320 1585 66)‚
1356 1537 1411 1571 sui
1445 1536 1555 1584 ipsius
1582 1537 1762 1572 simulacri
1787 1538 1824 1573 in

129 1602 224 1637 fonte
250 1603 316 1637 visi
343 1601 540 1650 cupidinem
567 1602 615 1637 illi
642 1603 856 1647 incuterem-1
868 1615 971 1650 quam
1000 1614 1070 1636 non
1093 1602 1209 1649 inepte
1234 1613 1311 1636 cum
1339 1602 1547 1650 peregrinae
1573 1601 1666 1637 illius
1693 1603 1823 1651 speciei

130 1665 312 1711 desiderio⁷
340 1679 408 1714 quo
435 1667 598 1714 Daphnis
624 1668 741 1715 periit,
771 1667 964 1715 comparari
988 1665 1150 1702 arbitror.
1203 1665 1340 1701 Eodem
1368 1673 1462 1702 certe
1487 1653 1556 1715 quo
1579 1666 1637 1701 hic
1664 1667 1824 1715 exemplo

131 1730 344 1766 contabescit
376 1731 592 1780 venandique
624 1732 761 1777 studio,
795 1733 851 1767 cui
885 1739 986 1767 antea
1020 1738 1224 1776 vacaverat,
1261 1730 1422 1778 deposito
1449 1730 1543 1779 apud
1569 1732 1703 1768 fontem
1727 1732 1823 1768 illum

203 1843 246 1872 61)
266 1843 308 1867 Cf.
334 1844 471 1868 t‘aldamus
491 1845 522 1869 de
544 1844 687 1877 pervigilio
707 1843 837 1872 Veneris,
859 1842 958 1877 Gryph.
984 1842 1060 1867 ¹8³0.
1082 1843 1097 1867 4
1118 1847 1144 1867 et
1163 1842 1326 1867 Heidtmnnn
1346 1844 1379 1867 de
1398 1843 1490 1868 eodem
1511 1843 1640 1871 carmine,
1657 1843 1723 1868 ibid.
1748 1844 1822 1870 1842.

131 1892 157 1921 8,
177 1901 204 1925 p.
229 1892 257 1916 lt)
277 1901 334 1925 sqq.

202 1941 244 1971 (32)
265 1943 382 1973 Quorum
414 1943 524 1966 alterum
550 1944 612 1967 fecit
644 1943 802 1967 lilausenius
822 1952 849 1976 p.
873 1943 940 1972 524,
966 1943 997 1967 de
1023 1943 1106 1967 altero
1134 1942 1273 1966 obscurius
1293 1942 1414 1976 loquitur
1440 1943 1596 1968 *Velckerus
1622 1944 1666 1969 lu.
1687 1944 1822 1970 Schriften

132 1991 163 2015 T.
186 1991 208 2019 Ι,
227 2000 254 2024 p.
271 1991 317 2015 36:
339 2000 367 2015 so
387 1992 447 2015 sind
468 1992 550 2016 Linos
569 1993 624 2016 und
644 1992 785 2026 Daphnis,
805 1993 855 2016 ιυίι·
874 1991 1042 2017 υεΓεεΙιίειΙειι
1062 1992 1133 2017 auch
1153 1993 1187 2016 im
1204 1991 1356 2026 Ursprwtq,
1376 1992 1539 2027 yleicharliq
1560 1994 1588 2018 ιἰι
1610 1994 1754 2019 Gelerauch
1769 1994 1824 2019 uutd

134 2040 289 2075 ll'irku1195
310 2042 378 2065 idem
398 2045 484 2065 tamen
505 2042 653 2066 Narcissum
675 2051 780 2075 quoquc
801 2050 859 2066 curn
882 2041 1021 2075 Daphnide
1042 2043 1174 2067 commisit
1193 2051 1221 2076 p.
1246 2041 1303 2066 199.

203 2090 247 2121 63)
266 2087 308 2114 'CL
329 2090 473 2115 Ambrosch
493 2092 524 2115 de
545 2091 611 2116 Lino
632 2102 657 2125 p.
680 2092 712 2116 20
733 2101 791 2125 sqq.

203 2139 245 2171 64)
265 2141 414 2165 Narcissum
434 2141 543 2170 florem,
573 2143 691 2175 quamvis
717 2143 771 2166 alio
801 2142 934 2170 consilio,
962 2150 975 2165 a
1002 2140 1082 2175 νάρκῃ
1110 2145 1136 2165 et
1154 2142 1249 2174 ναρκᾷν
1268 2141 1389 2166 derivant
1408 2142 1520 2167 Cornut.
1542 2143 1575 2167 N.
1599 2144 1677 2168 Deor.
1698 2152 1721 2168 c.
1744 2142 1777 2167 35
1797 2147 1824 2167 et

135 2190 224 2215 schol.
245 2191 371 2225 Sophocl.
391 2192 460 2217 Oed.
482 2193 540 2216 Col.
562 2192 627 2221 683;
654 2193 721 2218 adde
735 2212 742 2222 ,
770 2202 847 2226 quein
868 2192 993 2217 Osannus
1013 2193 1146 2221 laudavit,
1168 2191 1303 2216 Plutarch.
1325 2192 1379 2223 Qu.
1400 2192 1523 2226 Sympos.
1546 2193 1595 2218 ΙΙΙ.
1620 2193 1642 2218 l.
1664 2193 1696 2216 3:
1718 2195 1760 2217 καὶ
1778 2192 1823 2217 τὸν

135 2241 265 2274 νάρκισσον
283 2239 314 2268 ὦς
334 2239 493 2271 ιῖμβλιῖνοντσι
514 2241 545 2266 ιιὶ
565 2244 638 2276 νιῗιςιιι
658 2246 700 2267 καὶ
717 2244 867 2276 βαρύτητας
885 2244 1037 2269 ἐμποιοῦντα
1058 2240 1205 2275 ναρκώδεις.

205 2289 247 2320 ὓό)
266 2289 306 2314 Cf.
326 2291 406 2315 ovid.
428 2291 535 2316 Metam.
559 2292 608 2316 ΙΙΙ.
630 2291 679 2316 342
699 2301 757 2325 sqq.
785 2301 905 2326 quaeque
933 2297 1069 2326 praeterea
1096 2293 1170 2325 larga
1199 2300 1278 2316 inunu
1305 2292 1337 2316 de
1361 2294 1417 2316 tota
1439 2292 1555 2318 Narcissi
1575 2291 1667 2316 sabula
1687 2292 1821 2325 congessi!

137 2339 179 2362 Fr.
199 2338 358 2364 Wieselerus
371 2359 378 2369 ‚
398 2341 501 2374 collega
520 2342 774 2375 conjunctissimus,
802 2342 829 2366 in
852 2343 1012 2375 Programm.
1034 2341 1167 2367 archncol.
1188 2342 1309 2375 Gotting.
1333 2342 1409 2367 1852.

206 2388 250 2419 66)
270 2389 313 2413 Cf.
334 2390 419 2423 Zoiga
438 2391 567 2418 Abhandl.
587 2401 613 2425 p.
637 2392 667 2416 56
685 2401 741 2425 sqq.
761 2396 786 2416 et
805 2392 891 2416 Watz.
914 2393 945 2416 dc
967 2392 1071 2417 Nemesi
1092 2392 1263 2424 Graecorum,
1283 2391 1398 2425 Tubing.
1422 2391 1496 2416 1852.
1521 2392 1543 2415 4.
