1987 2594
943 154 978 195 S

331 259 492 307 pallidus
516 259 552 292 in
580 258 674 292 lenta
692 257 816 292 Na'ide
842 256 1008 304 Daphnis
1032 261 1119 301 erat,

110 327 173 362 sed
198 332 235 360 ut
256 325 330 373 jam
357 324 473 359 lentae
498 323 654 371 epitheto
681 321 885 358 ostenderet
911 335 949 357 se
975 327 1115 369 praeter
1141 333 1272 356 nomen
1297 320 1386 355 nihil
1404 334 1448 356 ex
1465 326 1538 357 tota
1554 321 1674 358 fabula
1691 336 1824 372 cogno-

103 394 216 436 visse,
254 391 284 424 si
309 389 450 438 quidem
479 389 587 423 ceteri
612 401 734 423 omnes
769 400 842 422 non
868 387 1001 422 lentam
1039 386 1094 422 vel
1121 385 1326 434 languidam
1354 386 1399 421 ad
1426 399 1581 422 amorem
1606 387 1822 436 Nympham‚

105 457 168 492 sed
200 468 275 490 eam
311 455 428 502 potius
467 452 694 498 describunt,
732 466 823 502 quae
855 454 929 488 sive
960 452 1072 487 forma
1110 452 1211 500 pueri
1247 452 1321 487 sive
1346 451 1496 487 canendi
1522 452 1691 489 facultate
1719 461 1821 502 capta

105 522 196 556 ultro
224 519 317 554 illius
346 532 462 554 amore
491 519 682 564 exarserit,
710 518 886 565 iidemque
913 524 1050 552 tantum
1078 516 1179 552 abest
1201 523 1241 551 ut
1265 517 1302 552 in
1331 516 1456 552 Naidis
1483 517 1655 553 vocabulo
1681 520 1823 568 acquie-

105 591 221 630 scant,
247 591 286 620 ut
311 584 562 632 Philargyrius
589 584 746 631 Lycum,
783 582 928 618 Servius
955 581 1147 626 Nomium,
1175 581 1364 618 Sositheus
1389 588 1427 617 ut
1460 582 1599 618 videtur
1621 583 1823 632 Pimpleam

108 652 179 685 sive
210 649 378 685 Thaliam
395 648 468 697 27),
503 649 672 684 Timaeus
699 647 851 696 denique
879 646 972 695 apud
999 647 1233 682 Parthenium
1267 647 1480 683 Eeltena'ida
1507 648 1702 696 appellent,
1737 662 1823 697 quo-

106 728 182 750 rum
205 715 386 749 nominum
411 720 627 762 postremum
653 726 697 748 ne
728 714 807 761 quis
830 712 965 748 librarii
991 718 1124 748 tautum
1152 725 1272 748 errore
1302 726 1346 748 ex
1364 713 1552 748 Theocriti
1567 713 1681 748 Naide
1705 722 1821 750 ortum

108 793 184 815 esse
211 780 425 826 suspicetur,
455 785 490 813 et
516 778 696 826 aequalem
726 778 923 814 Theocrito
951 778 1138 813 Timaeum
1165 778 1276 814 fuisse
1300 778 1521 824 recordetur,
1547 785 1581 814 et
1607 779 1820 827 peculiarem

104 839 322 890 'Exevoe'l’ci‘os
345 843 642 892 significationem
663 845 848 892 recogitet,
875 857 980 891 quam
1008 857 1052 879 ne
1077 845 1116 878 in
1141 843 1274 878 ficticio
1300 843 1442 891 quidem
1467 845 1609 880 nomine
1635 845 1820 880 fortuitam
1868 885 1871 887 ,

106 922 183 944 esse
219 908 370 943 inferius
408 908 738 944 demonstrabimus.
794 909 1009 957 Quanquam
1041 921 1112 957 quo
1139 910 1282 944 nomine
1309 921 1449 958 cunque
1468 909 1547 954 fuit,
1570 923 1709 957 semper
1731 909 1819 945 Nais

105 973 192 1017 fuit,
220 973 287 1008 hoe
312 980 366 1008 est
388 974 551 1021 Nympha
578 973 751 1019 fluvialis,
786 975 861 1009 sive
885 981 924 1009 ut
949 973 1043 1022 apud
1066 974 1250 1009 Theocriti
1273 974 1501 1022 interpretem
1529 981 1603 1020 est,
1629 975 1734 1010 Musa
1753 976 1820 1025 23),

105 1037 201 1086 quod
236 1051 281 1074 ne
315 1040 395 1087 quis
436 1039 479 1074 ab
512 1039 570 1073 illa
607 1039 868 1087 significatione
903 1039 1054 1075 alienum
1097 1045 1218 1087 putet,
1257 1039 1384 1074 Musas
1419 1045 1453 1075 et
1487 1039 1672 1088 Nymphas
1712 1055 1820 1090 quum

105 1104 245 1138 omnino
266 1103 410 1151 perinde
436 1104 572 1139 habitas
596 1117 673 1139 csse
701 1111 855 1149 constat,
878 1111 952 1140 tum
969 1104 1062 1153 apud
1076 1105 1334 1152 Epicharmum
1355 1109 1492 1152 poetam
1513 1104 1675 1140 Siculum
1694 1106 1822 1142 Musae

105 1167 262 1202 fluviales
297 1168 398 1203 claris
434 1169 549 1204 verbis
585 1176 879 1205 commemoratae
907 1170 1072 1219 sunt29);
1111 1170 1207 1218 quod
1229 1171 1260 1204 si
1294 1170 1444 1205 canendi
1471 1171 1620 1206 maxime
1654 1171 1822 1208 facultate

106 1233 173 1268 hoc
202 1234 459 1268 matrimonium
493 1236 663 1270 meruisse
699 1235 867 1279 traditur,
905 1242 1000 1270 certe
1039 1249 1111 1271 non
1145 1242 1302 1270 extremo
1336 1235 1417 1270 loco
1445 1235 1487 1271 de
1521 1237 1656 1271 musica
1680 1249 1821 1285 quoque

107 1297 292 1346 Nymphae
315 1298 432 1334 indole
460 1301 618 1348 cogitare
645 1300 778 1335 licebit.
831 1300 884 1335 At
903 1301 996 1335 enim
1012 1300 1130 1345 homo,
1150 1301 1211 1348 qui
1228 1299 1353 1335 Naidis
1375 1302 1449 1335 sive
1462 1300 1612 1335 fluvialis
1635 1301 1821 1350 Nymphae

109 1363 330 1397 matrimonio
355 1362 484 1412 dignus
508 1364 722 1410 habebatur,
763 1366 799 1399 in
827 1378 963 1400 summo
989 1364 1099 1398 divini
1127 1364 1285 1413 conjugii
1312 1365 1446 1400 honore
1473 1365 1542 1399 hoc
1571 1372 1666 1400 certe
1691 1367 1824 1400 incom-

112 1426 217 1462 modo
240 1427 412 1473 utebatur,
439 1435 478 1463 ut
506 1429 693 1477 conjugem
722 1443 793 1464 non
820 1437 989 1478 tauquam
1015 1436 1160 1464 matrem
1184 1429 1334 1464 familias
1361 1431 1399 1464 in
1417 1429 1559 1464 domum
1587 1443 1686 1464 suam
1713 1431 1823 1465 iutro-

116 1491 271 1538 duceret,
298 1492 360 1528 sed
386 1494 461 1540 ipsa
488 1494 668 1541 utriusque
696 1494 866 1529 domicilii
892 1500 1015 1529 natura
1046 1494 1088 1529 ab
1107 1494 1200 1529 illius
1219 1494 1473 1530 consuetudine
1493 1496 1542 1530 ita
1562 1495 1822 1543 sejungeretur,

110 1564 148 1592 ut
182 1559 249 1592 nisi
276 1571 354 1592 raro
390 1565 422 1593 et
458 1572 562 1605 parce
590 1561 778 1595 convenire
805 1561 896 1595 inter
930 1573 968 1595 se
994 1567 1158 1607 possent3
1197 1573 1311 1608 neque
1346 1560 1414 1594 alia
1446 1561 1573 1607 opinor
1609 1573 1716 1595 causa
1743 1561 1822 1605 fuit,

111 1630 325 1671 quapropter
350 1623 407 1657 illa
436 1624 603 1671 Daphnin
630 1631 688 1659 aut
715 1632 873 1660 monere(-
900 1632 959 1660 aut
982 1624 1239 1673 jurejurando,
1275 1631 1313 1659 ut
1340 1624 1434 1673 apud
1458 1624 1621 1660 Servium
1648 1632 1724 1672 est,
1764 1626 1823 1660 ad-

110 1689 320 1736 stringeret,
355 1701 398 1722 ne
426 1701 504 1723 cum
529 1689 595 1724 alia
623 1690 891 1736 concumberet,
931 1705 1037 1739 quam
1071 1692 1152 1739 quia
1185 1689 1309 1725 Naidis
1344 1691 1490 1725 maritus
1517 1700 1625 1738 prope
1653 1690 1777 1727 abesse
1804 1705 1824 1726 a

114 1753 284 1788 caelibatu
310 1753 508 1798 videretur,
544 1768 649 1803 quam
676 1756 915 1791 conditionem
942 1758 1010 1790 nisi
1033 1769 1169 1791 summa
1194 1757 1421 1803 temperantia
1449 1770 1534 1791 usus
1562 1769 1666 1804 aegre
1699 1756 1826 1792 tolera-

113 1824 177 1853 ret.
231 1818 356 1866 Neque
383 1817 449 1852 alia
484 1832 588 1854 causa
624 1821 711 1865 suit,
741 1834 803 1855 cur
830 1821 960 1856 Peleus
984 1821 1147 1857 Nereidis
1182 1822 1328 1856 maritus
1362 1821 1429 1855 hac
1456 1834 1541 1869 prae
1569 1822 1694 1856 ceteris
1722 1821 1825 1857 laude

117 1883 210 1931 apud
236 1890 368 1918 veteres
394 1883 669 1931 praedicaretur,
697 1886 792 1934 quod
818 1887 1124 1937 σωφρονέστατος
1150 1885 1186 1921 id
1214 1892 1266 1921 est
1285 1886 1622 1933 temperantissimus
1640 1892 1734 1922 esset
1750 1887 1824 1936 30);

117 1949 177 1997 qui
203 1955 390 1996 postquam
417 1947 595 1985 Achillem
623 1965 667 1986 ex
691 1952 845 1987 Thetide
869 1954 1038 2000 suscepit,
1066 1965 1180 2000 neque
1205 1952 1296 1986 hanc
1322 1951 1470 1999 amplius
1497 1964 1618 1986 secum
1645 1951 1739 1987 domi
1768 1952 1827 1987 ha-

185 2051 230 2084 27)
252 2053 293 2076 Cf.
316 2061 376 2084 sup.
398 2056 452 2076 not.
476 2053 491 2076 4
523 2057 549 2077 et
567 2053 682 2077 ‘zi—¹23.
722 2054 816 2077 Nomia
836 2055 950 2078 fortusse
971 2063 1001 2078 ex
1021 2054 1136 2079 Theocr.
1158 2054 1238 2087 ldyn.
1261 2053 1369 2078 xxvii.
1392 2054 1425 2077 ⁴0
1452 2057 1557 2087 arrepta
1578 2057 1634 2083 est,
1661 2054 1708 2079 uhi
1734 2064 1827 2088 perso-

118 2106 196 2127 natus
217 2102 339 2135 Daphnis
357 2106 468 2126 matrem
488 2111 561 2127 suam
580 2106 699 2136 Νομαίην
718 2104 854 2137 appellat;
884 2113 932 2128 nec
956 2104 1042 2137 Lycae
1062 2113 1159 2129 nomeu
1179 2104 1212 2128 ab
1232 2104 1308 2128 illius
1332 2107 1408 2136 pati-e
1427 2105 1530 2136 Avxtdga
1550 2104 1667 2128 alienum
1688 2109 1737 2130 est.

186 2152 231 2182 28)
251 2151 293 2175 Cf.
314 2160 374 2185 sup.
397 2156 451 2176 not.
472 2152 500 2175 19
521 2153 660 2187 ipsamque
679 2154 765 2178 Servii
788 2155 907 2188 Pipleam
927 2155 982 2178 sive
1003 2155 1162 2188 Pimpleam,
1182 2163 1261 2187 quam
1282 2162 1341 2178 cum
1361 2153 1479 2177 Sositbei
1499 2153 1593 2178 Thalia
1615 2155 1725 2178 eandem
1743 2155 1825 2180 fuisse

117 2205 217 2225 certum
239 2205 292 2230 est;
314 2202 380 2225 adde
401 2202 527 2225 fflausen.
549 2203 650 2227 Aeneas
670 2212 696 2236 p.
721 2204 781 2228 523.

189 2250 233 2281 29)
253 2250 357 2274 Eudoc.
379 2251 480 2283 p.’294,
500 2251 578 2284 cujus
598 2253 751 2277 testimonio
772 2258 801 2278 ut
813 2255 1016 2286 defungeretur,
1036 2255 1135 2278 frustra
1155 2262 1182 2277 se
1200 2253 1278 2277 torsit
1294 2253 1406 2277 Godosr.
1429 2253 1599 2278 Hei-mannus
1612 2253 1774 2286 OpusccslX
1788 2255 1826 2284 11,

119 2308 146 2332 p.
168 2299 218 2322 ‘288
238 2309 314 2332 sqq.;
335 2301 370 2323 οἵ.
393 2301 500 2324 omuino
519 2301 595 2326 Voss.
618 2304 648 2325 ad
671 2303 768 2335 Vin-gil.
790 2305 847 2328 Ecl.
864 2305 922 2329 Vll.
942 2304 970 2327 *21
996 2309 1021 2328 et
1040 2305 1072 2328 ad
1093 2304 1128 2329 H.
1149 2305 1177 2328 iu
1199 2305 1287 2328 Cerer-
1309 2312 1337 2336 p.
1356 2303 1421 2332 121,
1441 2303 1595 2328 Buttmann.
1617 2303 1731 2336 mythol.
1752 2304 1784 2329 T.
1802 2305 1826 2335 l,

121 2358 148 2382 p.
171 2349 233 2377 273,
253 2349 375 2374 Creuzer.
396 2350 515 2383 Symbol.
538 2352 568 2374 T.
592 2352 642 2380 ΙΙΙ,
664 2362 689 2386 p.
713 2352 745 2376 60
765 2363 824 2386 sqq.

190 2398 234 2430 30)
256 2399 297 2424 Cf.
318 2399 385 2423 Plat.
407 2400 523 2433 Republ.
547 2402 597 2431 111,
618 2412 643 2435 p.
668 2403 714 2426 391
747 2404 829 2436 inque
859 2404 952 2437 primis
982 2403 1117 2437 Aristoph.
1147 2403 1235 2427 Nuhh.
1259 2402 1342 2426 1066:
1373 2405 1414 2427 καὶ
1438 2403 1485 2435 τήν
1506 2403 1581 2428 Θέτιν
1600 2401 1624 2435 γ’
1641 2403 1716 2436 ἔγημε
1735 2401 1780 2428 dui
1798 2401 1828 2427 ‘to'
